<?xml version="1.0" encoding="UTF-8"?>
<!DOCTYPE html PUBLIC "-//W3C//DTD XHTML 1.0 Transitional//EN"
    "http://www.w3.org/TR/xhtml1/DTD/xhtml1-transitional.dtd">
<html xmlns="http://www.w3.org/1999/xhtml" xml:lang="en" lang="en">
 <head>
  <title>
</title>
<meta http-equiv="Content-Type" content="text/html;charset=utf-8" />
  <meta name='ocr-system' content='tesseract 3.04.00' />
  <meta name='ocr-capabilities' content='ocr_page ocr_carea ocr_par ocr_line ocrx_word'/>
</head>
<body>
  <div class='ocr_page' id='page_1' title='image "./4771397_0033.png"; bbox 0 0 3778 3982; ppageno 0'>
   <div class='ocr_carea' id='block_1_1' title="bbox 0 0 398 3975">
    <p class='ocr_par' dir='ltr' id='par_1_1' title="bbox 0 0 398 3975">
     <span class='ocr_line' id='line_1_1' title="bbox 0 0 398 3975; baseline 0 0"><span class='ocrx_word' id='word_1_1' title='bbox 0 0 398 3975; x_wconf 95' lang='lat' dir='ltr'> </span> 
     </span>
    </p>
   </div>
   <div class='ocr_carea' id='block_1_2' title="bbox 1016 413 1082 465">
    <p class='ocr_par' dir='ltr' id='par_1_2' title="bbox 1016 413 1082 465">
     <span class='ocr_line' id='line_1_2' title="bbox 1016 413 1082 465; baseline 0 0"><span class='ocrx_word' id='word_1_2' title='bbox 1016 413 1082 465; x_wconf 78' lang='lat'>20</span> 
     </span>
    </p>
   </div>
   <div class='ocr_carea' id='block_1_3' title="bbox 996 553 3156 2430">
    <p class='ocr_par' dir='ltr' id='par_1_3' title="bbox 1016 553 3156 856">
     <span class='ocr_line' id='line_1_3' title="bbox 1016 553 3156 603; baseline -0.001 -8"><span class='ocrx_word' id='word_1_3' title='bbox 1016 560 1156 595; x_wconf 81' lang='lat' dir='ltr'>vatum</span> <span class='ocrx_word' id='word_1_4' title='bbox 1181 561 1241 594; x_wconf 89' lang='lat' dir='ltr'>est</span> <span class='ocrx_word' id='word_1_5' title='bbox 1264 556 1312 591; x_wconf 81' lang='lat' dir='ltr'>ab</span> <span class='ocrx_word' id='word_1_6' title='bbox 1331 554 1626 601; x_wconf 82' lang='lat' dir='ltr'>interpretibus,</span> <span class='ocrx_word' id='word_1_7' title='bbox 1646 555 1685 591; x_wconf 91' lang='lat' dir='ltr'>in</span> <span class='ocrx_word' id='word_1_8' title='bbox 1701 555 2087 602; x_wconf 86' lang='lat' dir='ltr'>Metamorphoseon</span> <span class='ocrx_word' id='word_1_9' title='bbox 2108 557 2224 600; x_wconf 91' lang='lat' dir='ltr'>libro,</span> <span class='ocrx_word' id='word_1_10' title='bbox 2244 555 2434 603; x_wconf 85' lang='lat' dir='ltr'>quoniam</span> <span class='ocrx_word' id='word_1_11' title='bbox 2455 553 2503 590; x_wconf 91' lang='lat' dir='ltr'>de</span> <span class='ocrx_word' id='word_1_12' title='bbox 2521 553 2598 590; x_wconf 91' lang='lat' dir='ltr'>hoc</span> <span class='ocrx_word' id='word_1_13' title='bbox 2617 564 2722 590; x_wconf 89' lang='lat' dir='ltr'>nune</span> <span class='ocrx_word' id='word_1_14' title='bbox 2742 554 2952 601; x_wconf 90' lang='lat' dir='ltr'>loquimur,</span> <span class='ocrx_word' id='word_1_15' title='bbox 2969 554 3156 592; x_wconf 86' lang='lat' dir='ltr'>Ovidium</span> 
     </span>
     <span class='ocr_line' id='line_1_4' title="bbox 1018 615 3155 666; baseline -0.001 -10"><span class='ocrx_word' id='word_1_16' title='bbox 1018 629 1180 666; x_wconf 83' lang='lat' dir='ltr'>perraro</span> <span class='ocrx_word' id='word_1_17' title='bbox 1202 619 1361 653; x_wconf 80' lang='lat' dir='ltr'>casibus</span> <span class='ocrx_word' id='word_1_18' title='bbox 1382 617 1623 663; x_wconf 88' lang='lat' dir='ltr'>quibusdam</span> <span class='ocrx_word' id='word_1_19' title='bbox 1644 618 1816 664; x_wconf 90' lang='lat' dir='ltr'>obliquis</span> <span class='ocrx_word' id='word_1_20' title='bbox 1835 620 2102 663; x_wconf 81' lang='lat' dir='ltr'>pronominis,</span> <span class='ocrx_word' id='word_1_21' title='bbox 2122 618 2228 666; x_wconf 93' lang='lat' dir='ltr'>quod</span> <span class='ocrx_word' id='word_1_22' title='bbox 2247 621 2308 654; x_wconf 88' lang='lat' dir='ltr'>est</span> <span class='ocrx_word' id='word_1_23' title='bbox 2328 619 2381 662; x_wconf 73' lang='lat' dir='ltr'>is,</span> <span class='ocrx_word' id='word_1_24' title='bbox 2400 625 2518 652; x_wconf 93' lang='lat' dir='ltr'>usum</span> <span class='ocrx_word' id='word_1_25' title='bbox 2539 615 2662 662; x_wconf 88' lang='lat' dir='ltr'>esse),</span> <span class='ocrx_word' id='word_1_26' title='bbox 2681 616 2851 652; x_wconf 84' lang='lat' dir='ltr'>alterum</span> <span class='ocrx_word' id='word_1_27' title='bbox 2872 616 3155 653; x_wconf 79' lang='lat' dir='ltr'>adverbiorum</span> 
     </span>
     <span class='ocr_line' id='line_1_5' title="bbox 1018 680 3156 727; baseline -0.001 -9"><span class='ocrx_word' id='word_1_28' title='bbox 1018 683 1226 727; x_wconf 87' lang='lat' dir='ltr'>temporis,</span> <span class='ocrx_word' id='word_1_29' title='bbox 1266 681 1398 726; x_wconf 83' lang='lat' dir='ltr'>qualia</span> <span class='ocrx_word' id='word_1_30' title='bbox 1428 684 1522 714; x_wconf 89' lang='lat' dir='ltr'>sunt</span> <span class='ocrx_word' id='word_1_31' title='bbox 1553 685 1649 722; x_wconf 79' lang='lat' dir='ltr'>tum,</span> <span class='ocrx_word' id='word_1_32' title='bbox 1682 682 1834 723; x_wconf 74' lang='lat' dir='ltr'>deinde,</span> <span class='ocrx_word' id='word_1_33' title='bbox 1863 688 2022 727; x_wconf 77' lang='lat' dir='ltr'>postea,</span> <span class='ocrx_word' id='word_1_34' title='bbox 2054 684 2107 717; x_wconf 86' lang='lat' dir='ltr'>ita</span> <span class='ocrx_word' id='word_1_35' title='bbox 2137 683 2404 717; x_wconf 77' lang='lat' dir='ltr'>arctissimam</span> <span class='ocrx_word' id='word_1_36' title='bbox 2429 680 2769 722; x_wconf 87' lang='lat' dir='ltr'>coniunctionem,</span> <span class='ocrx_word' id='word_1_37' title='bbox 2801 690 2904 725; x_wconf 86' lang='lat' dir='ltr'>quae</span> <span class='ocrx_word' id='word_1_38' title='bbox 2928 681 3032 715; x_wconf 88' lang='lat' dir='ltr'>inter</span> <span class='ocrx_word' id='word_1_39' title='bbox 3056 680 3156 715; x_wconf 85' lang='lat' dir='ltr'>duas</span> 
     </span>
     <span class='ocr_line' id='line_1_6' title="bbox 1018 742 3155 790; baseline -0.001 -9"><span class='ocrx_word' id='word_1_40' title='bbox 1018 754 1081 781; x_wconf 93' lang='lat' dir='ltr'>res</span> <span class='ocrx_word' id='word_1_41' title='bbox 1110 743 1171 779; x_wconf 85' lang='lat' dir='ltr'>vel</span> <span class='ocrx_word' id='word_1_42' title='bbox 1204 743 1383 779; x_wconf 79' lang='lat' dir='ltr'>actiones</span> <span class='ocrx_word' id='word_1_43' title='bbox 1412 742 1640 780; x_wconf 86' lang='lat' dir='ltr'>intercedit.</span> <span class='ocrx_word' id='word_1_44' title='bbox 1673 743 1868 789; x_wconf 83' lang='lat' dir='ltr'>imprimis</span> <span class='ocrx_word' id='word_1_45' title='bbox 1901 745 2089 783; x_wconf 83' lang='lat' dir='ltr'>effectum</span> <span class='ocrx_word' id='word_1_46' title='bbox 2114 748 2216 784; x_wconf 92' lang='lat' dir='ltr'>illico</span> <span class='ocrx_word' id='word_1_47' title='bbox 2242 755 2407 784; x_wconf 86' lang='lat' dir='ltr'>causam</span> <span class='ocrx_word' id='word_1_48' title='bbox 2431 745 2683 790; x_wconf 81' lang='lat' dir='ltr'>sequentem,</span> <span class='ocrx_word' id='word_1_49' title='bbox 2715 746 2755 779; x_wconf 89' lang='lat' dir='ltr'>et</span> <span class='ocrx_word' id='word_1_50' title='bbox 2777 743 2891 788; x_wconf 90' lang='lat' dir='ltr'>plene</span> <span class='ocrx_word' id='word_1_51' title='bbox 2917 747 2956 779; x_wconf 89' lang='lat' dir='ltr'>et</span> <span class='ocrx_word' id='word_1_52' title='bbox 2979 744 3155 789; x_wconf 84' lang='lat' dir='ltr'>graviter</span> 
     </span>
     <span class='ocr_line' id='line_1_7' title="bbox 1016 795 1950 856; baseline -0.003 -13"><span class='ocrx_word' id='word_1_53' title='bbox 1016 804 1265 856; x_wconf 85' lang='lat' dir='ltr'>enuntiant.*)</span> <span class='ocrx_word' id='word_1_54' title='bbox 1939 795 1950 806; x_wconf 61' lang='lat'><em>⁶</em></span> 
     </span>
    </p>

    <p class='ocr_par' dir='ltr' id='par_1_4' title="bbox 1013 867 3152 1046">
     <span class='ocr_line' id='line_1_8' title="bbox 1221 867 3152 922; baseline 0.001 -18"><span class='ocrx_word' id='word_1_55' title='bbox 1221 867 1463 915; x_wconf 72' lang='lat' dir='ltr'>Ellipsis.</span> <span class='ocrx_word' id='word_1_56' title='bbox 1490 869 1529 903; x_wconf 91' lang='lat' dir='ltr'>L.</span> <span class='ocrx_word' id='word_1_57' title='bbox 1550 869 1576 910; x_wconf 83' lang='grc' dir='ltr'>Ι,</span> <span class='ocrx_word' id='word_1_58' title='bbox 1603 870 1663 905; x_wconf 79' lang='lat'>20.</span> <span class='ocrx_word' id='word_1_59' title='bbox 1689 870 1775 905; x_wconf 90' lang='lat' dir='ltr'>sine</span> <span class='ocrx_word' id='word_1_60' title='bbox 1800 871 1979 916; x_wconf 87' lang='lat' dir='ltr'>pondere</span> <span class='ocrx_word' id='word_1_61' title='bbox 2004 874 2192 910; x_wconf 86' lang='lat' dir='ltr'>habentia</span> <span class='ocrx_word' id='word_1_62' title='bbox 2216 873 2373 919; x_wconf 88' lang='lat' dir='ltr'>pondus</span> <span class='ocrx_word' id='word_1_63' title='bbox 2397 869 2659 922; x_wconf 84' lang='lat' dir='ltr'>(quamquam</span> <span class='ocrx_word' id='word_1_64' title='bbox 2684 880 2763 905; x_wconf 92' lang='lat' dir='ltr'>non</span> <span class='ocrx_word' id='word_1_65' title='bbox 2788 872 2850 905; x_wconf 90' lang='lat' dir='ltr'>est</span> <span class='ocrx_word' id='word_1_66' title='bbox 2873 879 2969 905; x_wconf 81' lang='lat' dir='ltr'>vera</span> <span class='ocrx_word' id='word_1_67' title='bbox 2992 870 3152 915; x_wconf 86' lang='lat' dir='ltr'>ellipsis,</span> 
     </span>
     <span class='ocr_line' id='line_1_9' title="bbox 1013 930 3152 984; baseline 0 -16"><span class='ocrx_word' id='word_1_68' title='bbox 1013 943 1135 979; x_wconf 84' lang='lat' dir='ltr'>quum</span> <span class='ocrx_word' id='word_1_69' title='bbox 1167 932 1360 968; x_wconf 74' lang='lat' dir='ltr'>vocabula</span> <span class='ocrx_word' id='word_1_70' title='bbox 1392 935 1476 968; x_wconf 71' lang='lat' dir='ltr'>sine</span> <span class='ocrx_word' id='word_1_71' title='bbox 1501 934 1673 980; x_wconf 74' lang='lat' dir='ltr'>pondere</span> <span class='ocrx_word' id='word_1_72' title='bbox 1707 933 1839 970; x_wconf 90' lang='lat' dir='ltr'>locum</span> <span class='ocrx_word' id='word_1_73' title='bbox 1873 940 2038 973; x_wconf 75' lang='lat' dir='ltr'>teneant</span> <span class='ocrx_word' id='word_1_74' title='bbox 2062 937 2263 978; x_wconf 75' lang='lat' dir='ltr'>adieetivi,</span> <span class='ocrx_word' id='word_1_75' title='bbox 2295 937 2409 983; x_wconf 81' lang='lat' dir='ltr'>quale</span> <span class='ocrx_word' id='word_1_76' title='bbox 2434 938 2542 972; x_wconf 86' lang='lat' dir='ltr'>esset</span> <span class='ocrx_word' id='word_1_77' title='bbox 2565 930 2980 984; x_wconf 82' lang='lat' dir='ltr'>imponderabilibus);</span> <span class='ocrx_word' id='word_1_78' title='bbox 3006 944 3039 969; x_wconf 88' lang='lat' dir='ltr'>v.</span> <span class='ocrx_word' id='word_1_79' title='bbox 3065 935 3152 971; x_wconf 82' lang='lat'>502.</span> 
     </span>
     <span class='ocr_line' id='line_1_10' title="bbox 1013 992 1816 1046; baseline -0.001 -15"><span class='ocrx_word' id='word_1_80' title='bbox 1013 997 1052 1032; x_wconf 90' lang='lat' dir='ltr'>Si</span> <span class='ocrx_word' id='word_1_81' title='bbox 1076 1007 1153 1042; x_wconf 82' lang='lat' dir='ltr'>qua</span> <span class='ocrx_word' id='word_1_82' title='bbox 1176 997 1315 1036; x_wconf 83' lang='lat' dir='ltr'>latent,</span> <span class='ocrx_word' id='word_1_83' title='bbox 1336 996 1502 1028; x_wconf 78' lang='lat' dir='ltr'>meliora</span> <span class='ocrx_word' id='word_1_84' title='bbox 1528 1000 1641 1038; x_wconf 83' lang='lat' dir='ltr'>putat</span> <span class='ocrx_word' id='word_1_85' title='bbox 1665 992 1816 1046; x_wconf 87' lang='lat' dir='ltr'>(noch).</span> 
     </span>
    </p>

    <p class='ocr_par' dir='ltr' id='par_1_5' title="bbox 1009 1058 3151 1294">
     <span class='ocr_line' id='line_1_11' title="bbox 1220 1058 3151 1109; baseline 0 -16"><span class='ocrx_word' id='word_1_86' title='bbox 1220 1060 1283 1100; x_wconf 80' lang='lat' dir='ltr'>IV,</span> <span class='ocrx_word' id='word_1_87' title='bbox 1307 1060 1392 1095; x_wconf 65' lang='lat'>495).</span> <span class='ocrx_word' id='word_1_88' title='bbox 1422 1071 1494 1094; x_wconf 88' lang='lat' dir='ltr'>nec</span> <span class='ocrx_word' id='word_1_89' title='bbox 1525 1060 1688 1094; x_wconf 76' lang='lat' dir='ltr'>vulnera</span> <span class='ocrx_word' id='word_1_90' title='bbox 1723 1063 1916 1096; x_wconf 78' lang='lat' dir='ltr'>membris</span> <span class='ocrx_word' id='word_1_91' title='bbox 1949 1063 2034 1097; x_wconf 70' lang='lat' dir='ltr'>Ulla</span> <span class='ocrx_word' id='word_1_92' title='bbox 2066 1064 2206 1098; x_wconf 79' lang='lat' dir='ltr'>serunt.</span> <span class='ocrx_word' id='word_1_93' title='bbox 2238 1073 2350 1098; x_wconf 86' lang='lat' dir='ltr'>mens</span> <span class='ocrx_word' id='word_1_94' title='bbox 2382 1066 2443 1097; x_wconf 85' lang='lat' dir='ltr'>est</span> <span class='ocrx_word' id='word_1_95' title='bbox 2468 1082 2515 1087; x_wconf 88' lang='lat'><strong>—</strong></span> <span class='ocrx_word' id='word_1_96' title='bbox 2540 1058 2680 1109; x_wconf 82' lang='lat' dir='ltr'>(blos):</span> <span class='ocrx_word' id='word_1_97' title='bbox 2712 1062 2797 1097; x_wconf 64' lang='lat'>«584.</span> <span class='ocrx_word' id='word_1_98' title='bbox 2828 1060 3013 1100; x_wconf 83' lang='lat' dir='ltr'>Lumina,</span> <span class='ocrx_word' id='word_1_99' title='bbox 3044 1060 3151 1104; x_wconf 91' lang='lat' dir='ltr'>quod</span> 
     </span>
     <span class='ocr_line' id='line_1_12' title="bbox 1011 1117 3150 1170; baseline 0 -12"><span class='ocrx_word' id='word_1_100' title='bbox 1011 1122 1154 1169; x_wconf 84' lang='lat' dir='ltr'>potuit,</span> <span class='ocrx_word' id='word_1_101' title='bbox 1186 1121 1361 1157; x_wconf 88' lang='lat' dir='ltr'>lacrimis</span> <span class='ocrx_word' id='word_1_102' title='bbox 1386 1121 1565 1166; x_wconf 72' lang='lat' dir='ltr'>implevit</span> <span class='ocrx_word' id='word_1_103' title='bbox 1591 1117 1692 1170; x_wconf 79' lang='lat' dir='ltr'>(was</span> <span class='ocrx_word' id='word_1_104' title='bbox 1717 1123 1775 1159; x_wconf 87' lang='lat' dir='ltr'>sie</span> <span class='ocrx_word' id='word_1_105' title='bbox 1797 1123 1916 1159; x_wconf 83' lang='lat' dir='ltr'>allein</span> <span class='ocrx_word' id='word_1_106' title='bbox 1941 1123 2210 1169; x_wconf 57' lang='lat' dir='ltr'>vermochtel:</span> <span class='ocrx_word' id='word_1_107' title='bbox 2242 1138 2274 1160; x_wconf 81' lang='lat' dir='ltr'>v.</span> <span class='ocrx_word' id='word_1_108' title='bbox 2300 1127 2374 1163; x_wconf 75' lang='lat'>(595</span> <span class='ocrx_word' id='word_1_109' title='bbox 2399 1127 2438 1161; x_wconf 87' lang='lat' dir='ltr'>et</span> <span class='ocrx_word' id='word_1_110' title='bbox 2462 1124 2521 1161; x_wconf 74' lang='lat'>96.</span> <span class='ocrx_word' id='word_1_111' title='bbox 2546 1124 2818 1159; x_wconf 81' lang='lat' dir='ltr'>Lacrimarum</span> <span class='ocrx_word' id='word_1_112' title='bbox 2843 1123 2965 1168; x_wconf 85' lang='lat' dir='ltr'>longa</span> <span class='ocrx_word' id='word_1_113' title='bbox 2988 1133 3150 1158; x_wconf 86' lang='lat' dir='ltr'>manere</span> 
     </span>
     <span class='ocr_line' id='line_1_13' title="bbox 1009 1183 3148 1235; baseline -0 -15"><span class='ocrx_word' id='word_1_114' title='bbox 1009 1187 1205 1228; x_wconf 75' lang='lat' dir='ltr'>Tempora</span> <span class='ocrx_word' id='word_1_115' title='bbox 1233 1194 1304 1218; x_wconf 77' lang='lat' dir='ltr'>vos</span> <span class='ocrx_word' id='word_1_116' title='bbox 1330 1189 1529 1227; x_wconf 89' lang='lat' dir='ltr'>poterunt.</span> <span class='ocrx_word' id='word_1_117' title='bbox 1554 1184 1603 1217; x_wconf 77' lang='lat' dir='ltr'>ad</span> <span class='ocrx_word' id='word_1_118' title='bbox 1629 1195 1749 1228; x_wconf 86' lang='lat' dir='ltr'>opem</span> <span class='ocrx_word' id='word_1_119' title='bbox 1775 1186 1908 1220; x_wconf 76' lang='lat' dir='ltr'>brevis</span> <span class='ocrx_word' id='word_1_120' title='bbox 1935 1187 2032 1220; x_wconf 88' lang='lat' dir='ltr'>hora</span> <span class='ocrx_word' id='word_1_121' title='bbox 2060 1188 2263 1221; x_wconf 81' lang='lat' dir='ltr'>serendam</span> <span class='ocrx_word' id='word_1_122' title='bbox 2289 1191 2350 1222; x_wconf 88' lang='lat' dir='ltr'>est</span> <span class='ocrx_word' id='word_1_123' title='bbox 2372 1183 2520 1235; x_wconf 85' lang='lat' dir='ltr'>(aber):</span> <span class='ocrx_word' id='word_1_124' title='bbox 2547 1197 2580 1219; x_wconf 80' lang='lat' dir='ltr'>v.</span> <span class='ocrx_word' id='word_1_125' title='bbox 2599 1187 2682 1221; x_wconf 88' lang='grc'>732.</span> <span class='ocrx_word' id='word_1_126' title='bbox 2702 1186 2909 1220; x_wconf 84' lang='lat' dir='ltr'>Stantibus</span> <span class='ocrx_word' id='word_1_127' title='bbox 2927 1185 3006 1219; x_wconf 89' lang='lat' dir='ltr'>exit</span> <span class='ocrx_word' id='word_1_128' title='bbox 3023 1185 3148 1229; x_wconf 81' lang='lat' dir='ltr'>aquis,</span> 
     </span>
     <span class='ocr_line' id='line_1_14' title="bbox 1009 1247 1857 1294; baseline -0.001 -11"><span class='ocrx_word' id='word_1_129' title='bbox 1009 1248 1186 1293; x_wconf 89' lang='lat' dir='ltr'>operitur</span> <span class='ocrx_word' id='word_1_130' title='bbox 1209 1247 1258 1281; x_wconf 84' lang='lat' dir='ltr'>ab</span> <span class='ocrx_word' id='word_1_131' title='bbox 1284 1257 1460 1291; x_wconf 78' lang='lat' dir='ltr'>aequore</span> <span class='ocrx_word' id='word_1_132' title='bbox 1488 1252 1598 1281; x_wconf 81' lang='lat' dir='ltr'>moto</span> <span class='ocrx_word' id='word_1_133' title='bbox 1623 1248 1857 1294; x_wconf 68' lang='lat' dir='ltr'>(dagegen).</span> 
     </span>
    </p>

    <p class='ocr_par' dir='ltr' id='par_1_6' title="bbox 1007 1307 3150 1479">
     <span class='ocr_line' id='line_1_15' title="bbox 1218 1307 3149 1360; baseline 0.001 -16"><span class='ocrx_word' id='word_1_134' title='bbox 1218 1309 1263 1348; x_wconf 78' lang='lat' dir='ltr'>V,</span> <span class='ocrx_word' id='word_1_135' title='bbox 1289 1309 1348 1344; x_wconf 72' lang='grc' dir='ltr'>δῖ).</span> <span class='ocrx_word' id='word_1_136' title='bbox 1381 1307 1525 1343; x_wconf 83' lang='lat' dir='ltr'>doctus</span> <span class='ocrx_word' id='word_1_137' title='bbox 1556 1312 1658 1347; x_wconf 78' lang='lat' dir='ltr'>erat.</span> <span class='ocrx_word' id='word_1_138' title='bbox 1689 1310 1761 1346; x_wconf 83' lang='lat' dir='ltr'>sed</span> <span class='ocrx_word' id='word_1_139' title='bbox 1786 1332 1836 1335; x_wconf 91' lang='lat'><strong>—</strong></span> <span class='ocrx_word' id='word_1_140' title='bbox 1863 1311 2019 1348; x_wconf 86' lang='lat' dir='ltr'>doctior</span> <span class='ocrx_word' id='word_1_141' title='bbox 2047 1311 2203 1360; x_wconf 82' lang='grc'><strong>(110011);</strong></span> <span class='ocrx_word' id='word_1_142' title='bbox 2231 1322 2262 1347; x_wconf 81' lang='lat' dir='ltr'>v.</span> <span class='ocrx_word' id='word_1_143' title='bbox 2284 1313 2368 1349; x_wconf 74' lang='lat'>515.</span> <span class='ocrx_word' id='word_1_144' title='bbox 2401 1311 2441 1347; x_wconf 71' lang='lat' dir='ltr'>Si</span> <span class='ocrx_word' id='word_1_145' title='bbox 2470 1311 2578 1347; x_wconf 82' lang='lat' dir='ltr'>nulla</span> <span class='ocrx_word' id='word_1_146' title='bbox 2609 1315 2670 1346; x_wconf 87' lang='lat' dir='ltr'>est</span> <span class='ocrx_word' id='word_1_147' title='bbox 2697 1311 2827 1356; x_wconf 82' lang='lat' dir='ltr'>gratia</span> <span class='ocrx_word' id='word_1_148' title='bbox 2858 1310 3015 1353; x_wconf 80' lang='lat' dir='ltr'>matris,</span> <span class='ocrx_word' id='word_1_149' title='bbox 3046 1310 3149 1346; x_wconf 85' lang='lat' dir='ltr'>Nata</span> 
     </span>
     <span class='ocr_line' id='line_1_16' title="bbox 1007 1361 3150 1420; baseline 0 -12"><span class='ocrx_word' id='word_1_150' title='bbox 1007 1379 1354 1420; x_wconf 72' lang='lat' dir='ltr'>patrem⁴moveat</span> <span class='ocrx_word' id='word_1_151' title='bbox 1383 1368 1506 1420; x_wconf 88' lang='lat' dir='ltr'>(doch</span> <span class='ocrx_word' id='word_1_152' title='bbox 1536 1373 1819 1418; x_wconf 76' lang='lat' dir='ltr'>wenigstens);</span> <span class='ocrx_word' id='word_1_153' title='bbox 1861 1382 2116 1419; x_wconf 83' lang='lat' dir='ltr'>comparetur</span> <span class='ocrx_word' id='word_1_154' title='bbox 2148 1385 2239 1409; x_wconf 90' lang='lat' dir='ltr'>cum</span> <span class='ocrx_word' id='word_1_155' title='bbox 2269 1375 2345 1410; x_wconf 89' lang='lat' dir='ltr'>hoc</span> <span class='ocrx_word' id='word_1_156' title='bbox 2374 1361 2556 1418; x_wconf 54' lang='lat' dir='ltr'>exerfisso</span> <span class='ocrx_word' id='word_1_157' title='bbox 2588 1374 2695 1420; x_wconf 90' lang='lat' dir='ltr'>quod</span> <span class='ocrx_word' id='word_1_158' title='bbox 2725 1374 2860 1409; x_wconf 86' lang='lat' dir='ltr'>statim</span> <span class='ocrx_word' id='word_1_159' title='bbox 2892 1374 3150 1419; x_wconf 86' lang='lat' dir='ltr'>subsequitur</span> 
     </span>
     <span class='ocr_line' id='line_1_17' title="bbox 1007 1436 2265 1479; baseline 0.001 -8"><span class='ocrx_word' id='word_1_160' title='bbox 1007 1450 1040 1472; x_wconf 84' lang='lat' dir='ltr'>v.</span> <span class='ocrx_word' id='word_1_161' title='bbox 1065 1439 1139 1474; x_wconf 76' lang='lat'>525</span> <span class='ocrx_word' id='word_1_162' title='bbox 1165 1441 1204 1471; x_wconf 86' lang='lat' dir='ltr'>et</span> <span class='ocrx_word' id='word_1_163' title='bbox 1229 1438 1288 1472; x_wconf 66' lang='grc'><strong>211.</strong></span> <span class='ocrx_word' id='word_1_164' title='bbox 1314 1446 1394 1470; x_wconf 96' lang='grc'><strong>11011</strong></span> <span class='ocrx_word' id='word_1_165' title='bbox 1419 1436 1495 1470; x_wconf 83' lang='lat' dir='ltr'>hoc</span> <span class='ocrx_word' id='word_1_166' title='bbox 1516 1436 1660 1470; x_wconf 87' lang='lat' dir='ltr'>iniuria</span> <span class='ocrx_word' id='word_1_167' title='bbox 1688 1437 1856 1479; x_wconf 75' lang='lat' dir='ltr'>factum⁷</span> <span class='ocrx_word' id='word_1_168' title='bbox 1883 1439 2031 1473; x_wconf 69' lang='lat' dir='ltr'>Verum</span> <span class='ocrx_word' id='word_1_169' title='bbox 2059 1449 2170 1472; x_wconf 87' lang='lat' dir='ltr'>amor</span> <span class='ocrx_word' id='word_1_170' title='bbox 2195 1444 2265 1472; x_wconf 86' lang='lat' dir='ltr'>est.</span> 
     </span>
    </p>

    <p class='ocr_par' dir='ltr' id='par_1_7' title="bbox 1003 1497 3147 1614">
     <span class='ocr_line' id='line_1_18' title="bbox 1213 1497 3147 1549; baseline 0 -15"><span class='ocrx_word' id='word_1_171' title='bbox 1213 1500 1284 1540; x_wconf 69' lang='lat' dir='ltr'>Vl,</span> <span class='ocrx_word' id='word_1_172' title='bbox 1310 1499 1369 1535; x_wconf 70' lang='lat'>34.</span> <span class='ocrx_word' id='word_1_173' title='bbox 1401 1498 1582 1544; x_wconf 78' lang='lat' dir='ltr'>Adspicit</span> <span class='ocrx_word' id='word_1_174' title='bbox 1613 1500 1716 1535; x_wconf 81' lang='lat' dir='ltr'>han(-</span> <span class='ocrx_word' id='word_1_175' title='bbox 1748 1502 1872 1536; x_wconf 78' lang='lat' dir='ltr'>torvis</span> <span class='ocrx_word' id='word_1_176' title='bbox 1902 1497 1972 1549; x_wconf 72' lang='grc'><strong>(80.</strong></span> <span class='ocrx_word' id='word_1_177' title='bbox 2004 1503 2161 1545; x_wconf 78' lang='grc'><strong>0(·11118);</strong></span> <span class='ocrx_word' id='word_1_178' title='bbox 2191 1513 2224 1536; x_wconf 74' lang='grc' dir='ltr'>ν.</span> <span class='ocrx_word' id='word_1_179' title='bbox 2252 1502 2334 1537; x_wconf 88' lang='grc'><strong>112.</strong></span> <span class='ocrx_word' id='word_1_180' title='bbox 2365 1500 2629 1544; x_wconf 75' lang='lat' dir='ltr'>Amphitryon</span> <span class='ocrx_word' id='word_1_181' title='bbox 2662 1500 2778 1535; x_wconf 90' lang='lat' dir='ltr'>fuerit</span> <span class='ocrx_word' id='word_1_182' title='bbox 2806 1497 3066 1548; x_wconf 87' lang='lat' dir='ltr'>(audiendum</span> <span class='ocrx_word' id='word_1_183' title='bbox 3101 1511 3147 1535; x_wconf 82' lang='lat' dir='ltr'>ex</span> 
     </span>
     <span class='ocr_line' id='line_1_19' title="bbox 1003 1561 1449 1614; baseline -0.007 -14"><span class='ocrx_word' id='word_1_184' title='bbox 1003 1562 1354 1612; x_wconf 72' lang='lat' dir='ltr'>praecedentibus:</span> <span class='ocrx_word' id='word_1_185' title='bbox 1380 1561 1449 1614; x_wconf 87' lang='lat' dir='ltr'>ut).</span> 
     </span>
    </p>

    <p class='ocr_par' dir='ltr' id='par_1_8' title="bbox 1215 1625 2364 1676">
     <span class='ocr_line' id='line_1_20' title="bbox 1215 1625 2364 1676; baseline 0.001 -17"><span class='ocrx_word' id='word_1_186' title='bbox 1215 1626 1301 1662; x_wconf 71' lang='lat' dir='ltr'>Vll.</span> <span class='ocrx_word' id='word_1_187' title='bbox 1328 1628 1414 1661; x_wconf 82' lang='lat'>511.</span> <span class='ocrx_word' id='word_1_188' title='bbox 1440 1627 1578 1659; x_wconf 77' lang='lat' dir='ltr'>Gratia</span> <span class='ocrx_word' id='word_1_189' title='bbox 1604 1626 1682 1661; x_wconf 73' lang='lat' dir='ltr'>dis:</span> <span class='ocrx_word' id='word_1_190' title='bbox 1710 1637 1743 1660; x_wconf 74' lang='lat' dir='ltr'>v,</span> <span class='ocrx_word' id='word_1_191' title='bbox 1769 1629 1855 1663; x_wconf 74' lang='lat'>517.</span> <span class='ocrx_word' id='word_1_192' title='bbox 1882 1629 1934 1661; x_wconf 83' lang='lat' dir='ltr'>ita</span> <span class='ocrx_word' id='word_1_193' title='bbox 1960 1638 2057 1662; x_wconf 74' lang='lat' dir='ltr'>voce</span> <span class='ocrx_word' id='word_1_194' title='bbox 2083 1628 2236 1661; x_wconf 78' lang='lat' dir='ltr'>locutus</span> <span class='ocrx_word' id='word_1_195' title='bbox 2261 1625 2364 1676; x_wconf 84' lang='grc'><strong>(081).</strong></span> 
     </span>
    </p>

    <p class='ocr_par' dir='ltr' id='par_1_9' title="bbox 1212 1685 2575 1738">
     <span class='ocr_line' id='line_1_21' title="bbox 1212 1685 2575 1738; baseline 0 -16"><span class='ocrx_word' id='word_1_196' title='bbox 1212 1689 1318 1731; x_wconf 79' lang='lat' dir='ltr'>VIII,</span> <span class='ocrx_word' id='word_1_197' title='bbox 1344 1690 1431 1725; x_wconf 72' lang='lat'>407.</span> <span class='ocrx_word' id='word_1_198' title='bbox 1456 1689 1620 1724; x_wconf 74' lang='lat' dir='ltr'>Ancaeo</span> <span class='ocrx_word' id='word_1_199' title='bbox 1645 1690 1782 1725; x_wconf 81' lang='lat' dir='ltr'>nocuit</span> <span class='ocrx_word' id='word_1_200' title='bbox 1807 1691 2020 1726; x_wconf 85' lang='lat' dir='ltr'>temeraria</span> <span class='ocrx_word' id='word_1_201' title='bbox 2047 1692 2167 1725; x_wconf 79' lang='lat' dir='ltr'>virtus</span> <span class='ocrx_word' id='word_1_202' title='bbox 2191 1690 2310 1738; x_wconf 79' lang='lat' dir='ltr'>(auch</span> <span class='ocrx_word' id='word_1_203' title='bbox 2335 1689 2426 1725; x_wconf 85' lang='lat' dir='ltr'>dem</span> <span class='ocrx_word' id='word_1_204' title='bbox 2451 1685 2575 1738; x_wconf 66' lang='lat' dir='ltr'>Ano).</span> 
     </span>
    </p>

    <p class='ocr_par' dir='ltr' id='par_1_10' title="bbox 996 1750 3143 2430">
     <span class='ocr_line' id='line_1_22' title="bbox 1213 1750 3143 1798; baseline 0 -11"><span class='ocrx_word' id='word_1_205' title='bbox 1213 1753 1390 1797; x_wconf 84' lang='lat' dir='ltr'>Ellipsim</span> <span class='ocrx_word' id='word_1_206' title='bbox 1422 1752 1623 1796; x_wconf 83' lang='lat' dir='ltr'>duplicem</span> <span class='ocrx_word' id='word_1_207' title='bbox 1654 1753 1849 1793; x_wconf 57' lang='lat' dir='ltr'>intelligo:</span> <span class='ocrx_word' id='word_1_208' title='bbox 1888 1753 2054 1788; x_wconf 82' lang='lat' dir='ltr'>alteram</span> <span class='ocrx_word' id='word_1_209' title='bbox 2087 1754 2239 1798; x_wconf 85' lang='lat' dir='ltr'>proprie</span> <span class='ocrx_word' id='word_1_210' title='bbox 2280 1753 2333 1788; x_wconf 91' lang='lat' dir='ltr'>sie</span> <span class='ocrx_word' id='word_1_211' title='bbox 2365 1752 2530 1792; x_wconf 89' lang='lat' dir='ltr'>dictam,</span> <span class='ocrx_word' id='word_1_212' title='bbox 2569 1760 2645 1796; x_wconf 84' lang='lat' dir='ltr'>qua</span> <span class='ocrx_word' id='word_1_213' title='bbox 2675 1750 2860 1785; x_wconf 82' lang='lat' dir='ltr'>videmus</span> <span class='ocrx_word' id='word_1_214' title='bbox 2890 1755 3051 1797; x_wconf 89' lang='lat' dir='ltr'>poetam</span> <span class='ocrx_word' id='word_1_215' title='bbox 3082 1752 3143 1787; x_wconf 89' lang='grc'><strong>1118</strong></span> 
     </span>
     <span class='ocr_line' id='line_1_23' title="bbox 1002 1814 3143 1862; baseline -0 -11"><span class='ocrx_word' id='word_1_216' title='bbox 1002 1817 1165 1862; x_wconf 80' lang='lat' dir='ltr'>quidem</span> <span class='ocrx_word' id='word_1_217' title='bbox 1194 1818 1305 1851; x_wconf 84' lang='lat' dir='ltr'>libris</span> <span class='ocrx_word' id='word_1_218' title='bbox 1336 1816 1559 1850; x_wconf 75' lang='lat' dir='ltr'>admodum</span> <span class='ocrx_word' id='word_1_219' title='bbox 1592 1827 1682 1850; x_wconf 86' lang='lat' dir='ltr'>raro</span> <span class='ocrx_word' id='word_1_220' title='bbox 1715 1826 1833 1850; x_wconf 89' lang='lat' dir='ltr'>usum</span> <span class='ocrx_word' id='word_1_221' title='bbox 1866 1827 1972 1856; x_wconf 87' lang='lat' dir='ltr'>esse,</span> <span class='ocrx_word' id='word_1_222' title='bbox 2011 1817 2174 1850; x_wconf 80' lang='lat' dir='ltr'>alteram</span> <span class='ocrx_word' id='word_1_223' title='bbox 2207 1817 2430 1855; x_wconf 67' lang='lat' dir='ltr'>relatimiii,</span> <span class='ocrx_word' id='word_1_224' title='bbox 2467 1825 2587 1859; x_wconf 82' lang='lat' dir='ltr'>quam</span> <span class='ocrx_word' id='word_1_225' title='bbox 2620 1818 2784 1855; x_wconf 78' lang='lat' dir='ltr'>vocant,</span> <span class='ocrx_word' id='word_1_226' title='bbox 2822 1814 2898 1849; x_wconf 86' lang='lat' dir='ltr'>hoc</span> <span class='ocrx_word' id='word_1_227' title='bbox 2931 1819 3010 1855; x_wconf 91' lang='lat' dir='ltr'>est,</span> <span class='ocrx_word' id='word_1_228' title='bbox 3040 1826 3143 1860; x_wconf 87' lang='lat' dir='ltr'>quae</span> 
     </span>
     <span class='ocr_line' id='line_1_24' title="bbox 1002 1876 3142 1925; baseline -0.001 -9"><span class='ocrx_word' id='word_1_229' title='bbox 1002 1879 1153 1925; x_wconf 87' lang='lat' dir='ltr'>ellipsis</span> <span class='ocrx_word' id='word_1_230' title='bbox 1178 1882 1335 1914; x_wconf 88' lang='lat' dir='ltr'>tantum</span> <span class='ocrx_word' id='word_1_231' title='bbox 1361 1877 1515 1913; x_wconf 79' lang='lat' dir='ltr'>ratione</span> <span class='ocrx_word' id='word_1_232' title='bbox 1541 1878 1667 1913; x_wconf 83' lang='lat' dir='ltr'>nostri</span> <span class='ocrx_word' id='word_1_233' title='bbox 1691 1887 1790 1913; x_wconf 87' lang='lat' dir='ltr'>usus</span> <span class='ocrx_word' id='word_1_234' title='bbox 1816 1878 1947 1914; x_wconf 84' lang='lat' dir='ltr'>habita</span> <span class='ocrx_word' id='word_1_235' title='bbox 1975 1879 2109 1915; x_wconf 77' lang='lat' dir='ltr'>vocari</span> <span class='ocrx_word' id='word_1_236' title='bbox 2133 1884 2271 1924; x_wconf 84' lang='lat' dir='ltr'>potest.</span> <span class='ocrx_word' id='word_1_237' title='bbox 2308 1876 2471 1913; x_wconf 86' lang='lat' dir='ltr'>Constat</span> <span class='ocrx_word' id='word_1_238' title='bbox 2493 1876 2617 1919; x_wconf 89' lang='lat' dir='ltr'>enim,</span> <span class='ocrx_word' id='word_1_239' title='bbox 2638 1877 2863 1913; x_wconf 87' lang='lat' dir='ltr'>orationem</span> <span class='ocrx_word' id='word_1_240' title='bbox 2884 1878 3142 1914; x_wconf 79' lang='lat' dir='ltr'>vernaculam</span> 
     </span>
     <span class='ocr_line' id='line_1_25' title="bbox 1002 1938 3141 1991; baseline -0.001 -14"><span class='ocrx_word' id='word_1_241' title='bbox 1002 1953 1024 1977; x_wconf 82' lang='lat' dir='ltr'>a</span> <span class='ocrx_word' id='word_1_242' title='bbox 1050 1943 1195 1977; x_wconf 78' lang='lat' dir='ltr'>Latina.</span> <span class='ocrx_word' id='word_1_243' title='bbox 1226 1938 1291 1989; x_wconf 80' lang='lat' dir='ltr'>(ex</span> <span class='ocrx_word' id='word_1_244' title='bbox 1322 1942 1615 1976; x_wconf 79' lang='lat' dir='ltr'>recentioribus</span> <span class='ocrx_word' id='word_1_245' title='bbox 1646 1942 1791 1983; x_wconf 62' lang='lat' dir='ltr'>linguis</span> <span class='ocrx_word' id='word_1_246' title='bbox 1823 1942 1942 1976; x_wconf 68' lang='lat' dir='ltr'>etiam</span> <span class='ocrx_word' id='word_1_247' title='bbox 1968 1953 1989 1975; x_wconf 84' lang='lat' dir='ltr'>a</span> <span class='ocrx_word' id='word_1_248' title='bbox 2016 1939 2327 1991; x_wconf 62' lang='lat' dir='ltr'>Frnneogallica)</span> <span class='ocrx_word' id='word_1_249' title='bbox 2360 1952 2406 1976; x_wconf 91' lang='lat' dir='ltr'>eo</span> <span class='ocrx_word' id='word_1_250' title='bbox 2439 1950 2687 1985; x_wconf 83' lang='lat' dir='ltr'>magnopere</span> <span class='ocrx_word' id='word_1_251' title='bbox 2716 1939 2892 1981; x_wconf 81' lang='lat' dir='ltr'>differre,</span> <span class='ocrx_word' id='word_1_252' title='bbox 2931 1940 3038 1987; x_wconf 90' lang='lat' dir='ltr'>quod</span> <span class='ocrx_word' id='word_1_253' title='bbox 3067 1951 3141 1975; x_wconf 93' lang='lat' dir='ltr'>nos</span> 
     </span>
     <span class='ocr_line' id='line_1_26' title="bbox 1001 2000 3142 2053; baseline -0.001 -12"><span class='ocrx_word' id='word_1_254' title='bbox 1001 2016 1145 2041; x_wconf 91' lang='lat' dir='ltr'>omnes</span> <span class='ocrx_word' id='word_1_255' title='bbox 1175 2006 1262 2040; x_wconf 76' lang='lat' dir='ltr'>illas</span> <span class='ocrx_word' id='word_1_256' title='bbox 1293 2005 1511 2049; x_wconf 87' lang='lat' dir='ltr'>particulas</span> <span class='ocrx_word' id='word_1_257' title='bbox 1543 2004 1837 2039; x_wconf 77' lang='lat' dir='ltr'>adversativas.</span> <span class='ocrx_word' id='word_1_258' title='bbox 1870 2006 2137 2045; x_wconf 77' lang='lat' dir='ltr'>concessivas,</span> <span class='ocrx_word' id='word_1_259' title='bbox 2168 2005 2381 2040; x_wconf 89' lang='lat' dir='ltr'>limitantes</span> <span class='ocrx_word' id='word_1_260' title='bbox 2410 2000 2638 2053; x_wconf 78' lang='lat' dir='ltr'>(imprimisz</span> <span class='ocrx_word' id='word_1_261' title='bbox 2670 2013 2760 2044; x_wconf 89' lang='lat' dir='ltr'>nur,</span> <span class='ocrx_word' id='word_1_262' title='bbox 2789 2004 2910 2046; x_wconf 87' lang='lat' dir='ltr'>noch,</span> <span class='ocrx_word' id='word_1_263' title='bbox 2944 2004 3142 2048; x_wconf 80' lang='lat' dir='ltr'>dagegen,</span> 
     </span>
     <span class='ocr_line' id='line_1_27' title="bbox 1000 2065 3142 2115; baseline -0.001 -11"><span class='ocrx_word' id='word_1_264' title='bbox 1000 2068 1197 2109; x_wconf 86' lang='lat' dir='ltr'>sondern,</span> <span class='ocrx_word' id='word_1_265' title='bbox 1234 2065 1355 2115; x_wconf 84' lang='lat' dir='ltr'>auch)</span> <span class='ocrx_word' id='word_1_266' title='bbox 1391 2067 1507 2111; x_wconf 87' lang='lat' dir='ltr'>plene</span> <span class='ocrx_word' id='word_1_267' title='bbox 1539 2076 1755 2110; x_wconf 85' lang='lat' dir='ltr'>ponamus.</span> <span class='ocrx_word' id='word_1_268' title='bbox 1794 2067 1939 2101; x_wconf 80' lang='lat' dir='ltr'>Latini.</span> <span class='ocrx_word' id='word_1_269' title='bbox 1980 2068 2260 2111; x_wconf 86' lang='lat' dir='ltr'>particularum</span> <span class='ocrx_word' id='word_1_270' title='bbox 2294 2067 2448 2102; x_wconf 86' lang='lat' dir='ltr'>illarum</span> <span class='ocrx_word' id='word_1_271' title='bbox 2480 2076 2555 2101; x_wconf 88' lang='lat' dir='ltr'>usu</span> <span class='ocrx_word' id='word_1_272' title='bbox 2586 2076 2705 2112; x_wconf 82' lang='lat' dir='ltr'>saepe</span> <span class='ocrx_word' id='word_1_273' title='bbox 2736 2067 3001 2109; x_wconf 86' lang='lat' dir='ltr'>abstinentes,</span> <span class='ocrx_word' id='word_1_274' title='bbox 3037 2077 3142 2102; x_wconf 86' lang='lat' dir='ltr'>nexu</span> 
     </span>
     <span class='ocr_line' id='line_1_28' title="bbox 999 2130 3141 2177; baseline -0.002 -8"><span class='ocrx_word' id='word_1_275' title='bbox 999 2133 1311 2169; x_wconf 85' lang='lat' dir='ltr'>sententiarum.</span> <span class='ocrx_word' id='word_1_276' title='bbox 1349 2131 1614 2165; x_wconf 82' lang='lat' dir='ltr'>collocatione</span> <span class='ocrx_word' id='word_1_277' title='bbox 1653 2131 1957 2167; x_wconf 60' lang='lat' dir='ltr'>vocabulorum.</span> <span class='ocrx_word' id='word_1_278' title='bbox 1996 2132 2131 2174; x_wconf 65' lang='lat' dir='ltr'>figuris</span> <span class='ocrx_word' id='word_1_279' title='bbox 2167 2131 2404 2177; x_wconf 76' lang='lat' dir='ltr'>quibusdam</span> <span class='ocrx_word' id='word_1_280' title='bbox 2441 2142 2521 2166; x_wconf 92' lang='lat' dir='ltr'>non</span> <span class='ocrx_word' id='word_1_281' title='bbox 2553 2132 2683 2166; x_wconf 89' lang='lat' dir='ltr'>solum</span> <span class='ocrx_word' id='word_1_282' title='bbox 2714 2131 2819 2166; x_wconf 87' lang='lat' dir='ltr'>idem</span> <span class='ocrx_word' id='word_1_283' title='bbox 2851 2131 2999 2173; x_wconf 82' lang='lat' dir='ltr'>dicant,</span> <span class='ocrx_word' id='word_1_284' title='bbox 3034 2130 3141 2176; x_wconf 86' lang='lat' dir='ltr'>quod</span> 
     </span>
     <span class='ocr_line' id='line_1_29' title="bbox 999 2193 3141 2238; baseline -0.002 -7"><span class='ocrx_word' id='word_1_285' title='bbox 999 2206 1091 2238; x_wconf 91' lang='lat' dir='ltr'>nos,</span> <span class='ocrx_word' id='word_1_286' title='bbox 1122 2195 1193 2230; x_wconf 90' lang='lat' dir='ltr'>sed</span> <span class='ocrx_word' id='word_1_287' title='bbox 1226 2195 1351 2229; x_wconf 88' lang='lat' dir='ltr'>multo</span> <span class='ocrx_word' id='word_1_288' title='bbox 1383 2202 1502 2238; x_wconf 83' lang='lat' dir='ltr'>saepe</span> <span class='ocrx_word' id='word_1_289' title='bbox 1536 2193 1676 2227; x_wconf 82' lang='lat' dir='ltr'>fortius</span> <span class='ocrx_word' id='word_1_290' title='bbox 1711 2199 1750 2228; x_wconf 90' lang='lat' dir='ltr'>et</span> <span class='ocrx_word' id='word_1_291' title='bbox 1781 2194 1930 2228; x_wconf 86' lang='lat' dir='ltr'>maiore</span> <span class='ocrx_word' id='word_1_292' title='bbox 1962 2204 2052 2228; x_wconf 80' lang='lat' dir='ltr'>eum</span> <span class='ocrx_word' id='word_1_293' title='bbox 2085 2195 2138 2230; x_wconf 81' lang='lat' dir='ltr'>vi:</span> <span class='ocrx_word' id='word_1_294' title='bbox 2169 2194 2301 2229; x_wconf 84' lang='lat' dir='ltr'>addita</span> <span class='ocrx_word' id='word_1_295' title='bbox 2331 2194 2437 2229; x_wconf 90' lang='lat' dir='ltr'>enim</span> <span class='ocrx_word' id='word_1_296' title='bbox 2468 2193 2533 2228; x_wconf 90' lang='lat' dir='ltr'>illa</span> <span class='ocrx_word' id='word_1_297' title='bbox 2556 2194 2753 2229; x_wconf 81' lang='lat' dir='ltr'>vocabula</span> <span class='ocrx_word' id='word_1_298' title='bbox 2777 2196 2933 2228; x_wconf 89' lang='lat' dir='ltr'>tantum</span> <span class='ocrx_word' id='word_1_299' title='bbox 2958 2194 3073 2229; x_wconf 82' lang='lat' dir='ltr'>abest</span> <span class='ocrx_word' id='word_1_300' title='bbox 3097 2195 3141 2228; x_wconf 91' lang='lat' dir='ltr'>ut</span> 
     </span>
     <span class='ocr_line' id='line_1_30' title="bbox 998 2256 3139 2302; baseline -0 -8"><span class='ocrx_word' id='word_1_301' title='bbox 998 2260 1035 2294; x_wconf 89' lang='lat' dir='ltr'>in</span> <span class='ocrx_word' id='word_1_302' title='bbox 1061 2258 1243 2294; x_wconf 86' lang='lat' dir='ltr'>oratione</span> <span class='ocrx_word' id='word_1_303' title='bbox 1270 2258 1411 2291; x_wconf 83' lang='lat' dir='ltr'>Latina</span> <span class='ocrx_word' id='word_1_304' title='bbox 1436 2258 1516 2291; x_wconf 77' lang='lat' dir='ltr'>vim</span> <span class='ocrx_word' id='word_1_305' title='bbox 1543 2262 1728 2299; x_wconf 66' lang='lat' dir='ltr'>augeant.</span> <span class='ocrx_word' id='word_1_306' title='bbox 1755 2263 1797 2290; x_wconf 88' lang='lat' dir='ltr'>ut</span> <span class='ocrx_word' id='word_1_307' title='bbox 1816 2258 2065 2292; x_wconf 87' lang='lat' dir='ltr'>imminuant.</span> <span class='ocrx_word' id='word_1_308' title='bbox 2108 2258 2190 2302; x_wconf 78' lang='lat' dir='ltr'>Qua</span> <span class='ocrx_word' id='word_1_309' title='bbox 2212 2259 2248 2292; x_wconf 94' lang='lat' dir='ltr'>in</span> <span class='ocrx_word' id='word_1_310' title='bbox 2268 2269 2309 2293; x_wconf 89' lang='lat' dir='ltr'>re</span> <span class='ocrx_word' id='word_1_311' title='bbox 2329 2266 2488 2302; x_wconf 90' lang='lat' dir='ltr'>semper</span> <span class='ocrx_word' id='word_1_312' title='bbox 2507 2258 2630 2302; x_wconf 90' lang='lat' dir='ltr'>probe</span> <span class='ocrx_word' id='word_1_313' title='bbox 2650 2256 2868 2292; x_wconf 89' lang='lat' dir='ltr'>tenendum</span> <span class='ocrx_word' id='word_1_314' title='bbox 2889 2260 2961 2300; x_wconf 88' lang='lat' dir='ltr'>est,</span> <span class='ocrx_word' id='word_1_315' title='bbox 2981 2260 3139 2293; x_wconf 86' lang='lat' dir='ltr'>veteres</span> 
     </span>
     <span class='ocr_line' id='line_1_31' title="bbox 997 2319 3136 2367; baseline -0.001 -9"><span class='ocrx_word' id='word_1_316' title='bbox 997 2332 1078 2358; x_wconf 93' lang='lat' dir='ltr'>non</span> <span class='ocrx_word' id='word_1_317' title='bbox 1111 2320 1257 2361; x_wconf 90' lang='lat' dir='ltr'>oculis,</span> <span class='ocrx_word' id='word_1_318' title='bbox 1289 2323 1332 2354; x_wconf 92' lang='lat' dir='ltr'>ut</span> <span class='ocrx_word' id='word_1_319' title='bbox 1363 2320 1416 2354; x_wconf 88' lang='lat' dir='ltr'>ita</span> <span class='ocrx_word' id='word_1_320' title='bbox 1439 2320 1587 2358; x_wconf 75' lang='lat' dir='ltr'>dicam,</span> <span class='ocrx_word' id='word_1_321' title='bbox 1621 2319 1692 2354; x_wconf 87' lang='lat' dir='ltr'>sed</span> <span class='ocrx_word' id='word_1_322' title='bbox 1714 2320 1878 2355; x_wconf 86' lang='lat' dir='ltr'>auribus</span> <span class='ocrx_word' id='word_1_323' title='bbox 1905 2321 2107 2365; x_wconf 76' lang='lat' dir='ltr'>scripisse.</span> <span class='ocrx_word' id='word_1_324' title='bbox 2133 2322 2263 2367; x_wconf 78' lang='lat' dir='ltr'>itaque</span> <span class='ocrx_word' id='word_1_325' title='bbox 2288 2321 2558 2356; x_wconf 88' lang='lat' dir='ltr'>elocutionem</span> <span class='ocrx_word' id='word_1_326' title='bbox 2581 2320 2836 2365; x_wconf 90' lang='lat' dir='ltr'>potissimum</span> <span class='ocrx_word' id='word_1_327' title='bbox 2861 2319 3002 2363; x_wconf 88' lang='lat' dir='ltr'>fuisse,</span> <span class='ocrx_word' id='word_1_328' title='bbox 3034 2330 3136 2366; x_wconf 86' lang='lat' dir='ltr'>quae</span> 
     </span>
     <span class='ocr_line' id='line_1_32' title="bbox 996 2383 3136 2430; baseline -0.001 -10"><span class='ocrx_word' id='word_1_329' title='bbox 996 2386 1141 2430; x_wconf 85' lang='lat' dir='ltr'>cuique</span> <span class='ocrx_word' id='word_1_330' title='bbox 1177 2384 1403 2419; x_wconf 86' lang='lat' dir='ltr'>sententiae</span> <span class='ocrx_word' id='word_1_331' title='bbox 1440 2392 1556 2417; x_wconf 84' lang='lat' dir='ltr'>suam</span> <span class='ocrx_word' id='word_1_332' title='bbox 1593 2383 1672 2416; x_wconf 75' lang='lat' dir='ltr'>vim</span> <span class='ocrx_word' id='word_1_333' title='bbox 1709 2392 1908 2427; x_wconf 82' lang='lat' dir='ltr'>suumque</span> <span class='ocrx_word' id='word_1_334' title='bbox 1948 2384 2102 2427; x_wconf 70' lang='lat' dir='ltr'>pondus</span> <span class='ocrx_word' id='word_1_335' title='bbox 2137 2385 2334 2420; x_wconf 84' lang='lat' dir='ltr'>tribuerit:</span> <span class='ocrx_word' id='word_1_336' title='bbox 2370 2385 2432 2419; x_wconf 91' lang='lat' dir='ltr'>cui</span> <span class='ocrx_word' id='word_1_337' title='bbox 2468 2387 2662 2429; x_wconf 83' lang='lat' dir='ltr'>quantam</span> <span class='ocrx_word' id='word_1_338' title='bbox 2697 2394 2834 2419; x_wconf 80' lang='lat' dir='ltr'>curam</span> <span class='ocrx_word' id='word_1_339' title='bbox 2869 2383 3136 2428; x_wconf 90' lang='lat' dir='ltr'>impenderint</span> 
     </span>
    </p>
   </div>
   <div class='ocr_carea' id='block_1_4' title="bbox 996 2446 3137 2555">
    <p class='ocr_par' dir='ltr' id='par_1_11' title="bbox 996 2446 3137 2555">
     <span class='ocr_line' id='line_1_33' title="bbox 996 2446 1955 2492; baseline -0.003 -8"><span class='ocrx_word' id='word_1_340' title='bbox 996 2451 1155 2485; x_wconf 83' lang='lat' dir='ltr'>veteres</span> <span class='ocrx_word' id='word_1_341' title='bbox 1180 2457 1259 2482; x_wconf 92' lang='lat' dir='ltr'>non</span> <span class='ocrx_word' id='word_1_342' title='bbox 1285 2446 1426 2481; x_wconf 80' lang='lat' dir='ltr'>attinet</span> <span class='ocrx_word' id='word_1_343' title='bbox 1452 2446 1514 2482; x_wconf 88' lang='grc'><strong>1110</strong></span> <span class='ocrx_word' id='word_1_344' title='bbox 1540 2446 1718 2492; x_wconf 86' lang='lat' dir='ltr'>pluribus</span> <span class='ocrx_word' id='word_1_345' title='bbox 1744 2456 1955 2491; x_wconf 78' lang='lat' dir='ltr'>exponere.</span> 
     </span>
     <span class='ocr_line' id='line_1_34' title="bbox 1204 2508 3137 2555; baseline 0.001 -12"><span class='ocrx_word' id='word_1_346' title='bbox 1204 2510 1312 2545; x_wconf 88' lang='lat' dir='ltr'>Inter</span> <span class='ocrx_word' id='word_1_347' title='bbox 1338 2510 1500 2552; x_wconf 86' lang='lat' dir='ltr'>multos,</span> <span class='ocrx_word' id='word_1_348' title='bbox 1532 2510 1598 2555; x_wconf 85' lang='lat' dir='ltr'>qui</span> <span class='ocrx_word' id='word_1_349' title='bbox 1623 2508 1672 2543; x_wconf 89' lang='lat' dir='ltr'>de</span> <span class='ocrx_word' id='word_1_350' title='bbox 1698 2509 1772 2544; x_wconf 83' lang='lat' dir='ltr'>liae</span> <span class='ocrx_word' id='word_1_351' title='bbox 1799 2519 1839 2543; x_wconf 87' lang='lat' dir='ltr'>re</span> <span class='ocrx_word' id='word_1_352' title='bbox 1865 2510 2126 2554; x_wconf 79' lang='lat' dir='ltr'>scripserunt.</span> <span class='ocrx_word' id='word_1_353' title='bbox 2153 2520 2254 2546; x_wconf 86' lang='grc'><strong>1111110</strong></span> <span class='ocrx_word' id='word_1_354' title='bbox 2281 2511 2377 2545; x_wconf 84' lang='grc'><strong>811118</strong></span> <span class='ocrx_word' id='word_1_355' title='bbox 2403 2510 2533 2545; x_wconf 82' lang='lat' dir='ltr'>liabeo</span> <span class='ocrx_word' id='word_1_356' title='bbox 2557 2510 2745 2545; x_wconf 89' lang='lat' dir='ltr'>laudasse</span> <span class='ocrx_word' id='word_1_357' title='bbox 2771 2509 3137 2555; x_wconf 79' lang='lat' dir='ltr'>Naegelsbachium</span> 
     </span>
    </p>
   </div>
   <div class='ocr_carea' id='block_1_5' title="bbox 994 2573 3136 2620">
    <p class='ocr_par' dir='ltr' id='par_1_12' title="bbox 994 2573 3136 2620">
     <span class='ocr_line' id='line_1_35' title="bbox 994 2573 3136 2620; baseline -0.001 -10"><span class='ocrx_word' id='word_1_358' title='bbox 994 2576 1081 2619; x_wconf 87' lang='lat' dir='ltr'>styl.</span> <span class='ocrx_word' id='word_1_359' title='bbox 1113 2575 1177 2608; x_wconf 90' lang='lat' dir='ltr'>lat.</span> <span class='ocrx_word' id='word_1_360' title='bbox 1210 2574 1243 2618; x_wconf 66' lang='grc' dir='ltr'>ς’.</span> <span class='ocrx_word' id='word_1_361' title='bbox 1270 2576 1329 2609; x_wconf 71' lang='grc'>67.</span> <span class='ocrx_word' id='word_1_362' title='bbox 1359 2579 1398 2608; x_wconf 90' lang='lat' dir='ltr'>et</span> <span class='ocrx_word' id='word_1_363' title='bbox 1436 2584 1483 2608; x_wconf 81' lang='lat' dir='ltr'>ex</span> <span class='ocrx_word' id='word_1_364' title='bbox 1519 2573 1803 2617; x_wconf 86' lang='lat' dir='ltr'>interpretibus</span> <span class='ocrx_word' id='word_1_365' title='bbox 1839 2582 1980 2606; x_wconf 88' lang='lat' dir='ltr'>eorum</span> <span class='ocrx_word' id='word_1_366' title='bbox 2015 2573 2267 2616; x_wconf 77' lang='lat' dir='ltr'>scriptorum.</span> <span class='ocrx_word' id='word_1_367' title='bbox 2306 2575 2373 2620; x_wconf 80' lang='lat' dir='ltr'>qui</span> <span class='ocrx_word' id='word_1_368' title='bbox 2408 2574 2644 2620; x_wconf 89' lang='lat' dir='ltr'>plerumque</span> <span class='ocrx_word' id='word_1_369' title='bbox 2679 2574 2719 2608; x_wconf 91' lang='lat' dir='ltr'>in</span> <span class='ocrx_word' id='word_1_370' title='bbox 2755 2574 2902 2608; x_wconf 87' lang='lat' dir='ltr'>scholis</span> <span class='ocrx_word' id='word_1_371' title='bbox 2936 2574 3136 2619; x_wconf 82' lang='lat' dir='ltr'>leguntur,</span> 
     </span>
    </p>
   </div>
   <div class='ocr_carea' id='block_1_6' title="bbox 994 2636 2844 2747">
    <p class='ocr_par' dir='ltr' id='par_1_13' title="bbox 994 2636 2844 2747">
     <span class='ocr_line' id='line_1_36' title="bbox 994 2636 2790 2681; baseline 0 -8"><span class='ocrx_word' id='word_1_372' title='bbox 994 2638 1292 2673; x_wconf 89' lang='lat' dir='ltr'>Doberenzium</span> <span class='ocrx_word' id='word_1_373' title='bbox 1317 2637 1366 2671; x_wconf 82' lang='lat' dir='ltr'>ad</span> <span class='ocrx_word' id='word_1_374' title='bbox 1393 2638 1548 2673; x_wconf 88' lang='lat' dir='ltr'>Bellum</span> <span class='ocrx_word' id='word_1_375' title='bbox 1573 2637 1788 2676; x_wconf 74' lang='lat' dir='ltr'>Gallicum,</span> <span class='ocrx_word' id='word_1_376' title='bbox 1815 2636 1882 2681; x_wconf 81' lang='lat' dir='ltr'>qui</span> <span class='ocrx_word' id='word_1_377' title='bbox 1908 2646 2055 2681; x_wconf 74' lang='lat' dir='ltr'>magna</span> <span class='ocrx_word' id='word_1_378' title='bbox 2082 2636 2281 2679; x_wconf 61' lang='lat' dir='ltr'>diligentia</span> <span class='ocrx_word' id='word_1_379' title='bbox 2306 2638 2411 2674; x_wconf 92' lang='lat' dir='ltr'>hunc</span> <span class='ocrx_word' id='word_1_380' title='bbox 2436 2638 2570 2674; x_wconf 90' lang='lat' dir='ltr'>locum</span> <span class='ocrx_word' id='word_1_381' title='bbox 2594 2638 2790 2674; x_wconf 81' lang='lat' dir='ltr'>tractavit.</span> 
     </span>
     <span class='ocr_line' id='line_1_37' title="bbox 1203 2699 2844 2747; baseline -0.002 -11"><span class='ocrx_word' id='word_1_382' title='bbox 1203 2701 1481 2747; x_wconf 74' lang='lat' dir='ltr'>Graphiee</span> <span class='ocrx_word' id='word_1_383' title='bbox 1504 2699 1668 2735; x_wconf 76' lang='lat' dir='ltr'>dieta.</span> <span class='ocrx_word' id='word_1_384' title='bbox 1695 2700 1735 2733; x_wconf 90' lang='lat' dir='ltr'>L.</span> <span class='ocrx_word' id='word_1_385' title='bbox 1762 2699 1792 2738; x_wconf 75' lang='grc' dir='ltr'>Ι,</span> <span class='ocrx_word' id='word_1_386' title='bbox 1818 2700 1905 2733; x_wconf 68' lang='lat'>2340.</span> <span class='ocrx_word' id='word_1_387' title='bbox 1932 2699 2071 2733; x_wconf 84' lang='lat' dir='ltr'>bucina</span> <span class='ocrx_word' id='word_1_388' title='bbox 2100 2720 2141 2723; x_wconf 29' lang='lat'>⁷-</span> <span class='ocrx_word' id='word_1_389' title='bbox 2170 2701 2308 2735; x_wconf 84' lang='lat' dir='ltr'>cecinit</span> <span class='ocrx_word' id='word_1_390' title='bbox 2333 2701 2465 2736; x_wconf 85' lang='lat' dir='ltr'>iussos</span> <span class='ocrx_word' id='word_1_391' title='bbox 2489 2701 2627 2736; x_wconf 79' lang='lat' dir='ltr'>inflata</span> <span class='ocrx_word' id='word_1_392' title='bbox 2649 2703 2844 2746; x_wconf 87' lang='lat' dir='ltr'>receptus.</span> 
     </span>
    </p>
   </div>
   <div class='ocr_carea' id='block_1_7' title="bbox 1200 2763 3133 2934">
    <p class='ocr_par' dir='ltr' id='par_1_14' title="bbox 1200 2763 3133 2934">
     <span class='ocr_line' id='line_1_38' title="bbox 1201 2763 2966 2806; baseline -0.001 -8"><span class='ocrx_word' id='word_1_393' title='bbox 1201 2764 1250 2800; x_wconf 89' lang='lat' dir='ltr'>II.</span> <span class='ocrx_word' id='word_1_394' title='bbox 1278 2766 1363 2800; x_wconf 83' lang='grc'><strong>712.</strong></span> <span class='ocrx_word' id='word_1_395' title='bbox 1388 2764 1548 2799; x_wconf 70' lang='lat' dir='ltr'>Vertice</span> <span class='ocrx_word' id='word_1_396' title='bbox 1575 2764 1785 2806; x_wconf 87' lang='lat' dir='ltr'>supposito</span> <span class='ocrx_word' id='word_1_397' title='bbox 1811 2784 1858 2786; x_wconf 96' lang='lat'><strong>—</strong></span> <span class='ocrx_word' id='word_1_398' title='bbox 1885 2763 2098 2806; x_wconf 86' lang='lat' dir='ltr'>portabant</span> <span class='ocrx_word' id='word_1_399' title='bbox 2122 2773 2254 2798; x_wconf 78' lang='lat' dir='ltr'>sacra:</span> <span class='ocrx_word' id='word_1_400' title='bbox 2280 2775 2313 2798; x_wconf 72' lang='lat' dir='ltr'>v.</span> <span class='ocrx_word' id='word_1_401' title='bbox 2339 2766 2423 2800; x_wconf 79' lang='grc'><strong>719.</strong></span> <span class='ocrx_word' id='word_1_402' title='bbox 2452 2765 2572 2799; x_wconf 84' lang='grc'><strong>1110118</strong></span> <span class='ocrx_word' id='word_1_403' title='bbox 2598 2764 2860 2799; x_wconf 84' lang='lat' dir='ltr'>circumvolat</span> <span class='ocrx_word' id='word_1_404' title='bbox 2883 2763 2966 2796; x_wconf 87' lang='lat' dir='ltr'>alis.</span> 
     </span>
     <span class='ocr_line' id='line_1_39' title="bbox 1202 2824 2107 2871; baseline -0.001 -10"><span class='ocrx_word' id='word_1_405' title='bbox 1202 2827 1268 2867; x_wconf 88' lang='lat' dir='ltr'>III,</span> <span class='ocrx_word' id='word_1_406' title='bbox 1299 2828 1381 2863; x_wconf 75' lang='lat'>1⁰4.</span> <span class='ocrx_word' id='word_1_407' title='bbox 1405 2837 1546 2871; x_wconf 88' lang='lat' dir='ltr'>presso</span> <span class='ocrx_word' id='word_1_408' title='bbox 1571 2826 1727 2861; x_wconf 83' lang='lat' dir='ltr'>sulcum</span> <span class='ocrx_word' id='word_1_409' title='bbox 1754 2824 1942 2870; x_wconf 80' lang='lat' dir='ltr'>patefecit</span> <span class='ocrx_word' id='word_1_410' title='bbox 1966 2830 2107 2860; x_wconf 84' lang='lat' dir='ltr'>aratro.</span> 
     </span>
     <span class='ocr_line' id='line_1_40' title="bbox 1200 2888 3133 2934; baseline -0.002 -9"><span class='ocrx_word' id='word_1_411' title='bbox 1200 2890 1270 2931; x_wconf 87' lang='lat' dir='ltr'>IV,</span> <span class='ocrx_word' id='word_1_412' title='bbox 1301 2891 1387 2925; x_wconf 80' lang='lat'>511.</span> <span class='ocrx_word' id='word_1_413' title='bbox 1417 2893 1706 2934; x_wconf 86' lang='lat' dir='ltr'>sumptumque</span> <span class='ocrx_word' id='word_1_414' title='bbox 1743 2888 1963 2932; x_wconf 77' lang='lat' dir='ltr'>recingitur</span> <span class='ocrx_word' id='word_1_415' title='bbox 1996 2897 2188 2931; x_wconf 74' lang='lat' dir='ltr'>anguem:</span> <span class='ocrx_word' id='word_1_416' title='bbox 2221 2901 2252 2924; x_wconf 72' lang='lat' dir='ltr'>v,</span> <span class='ocrx_word' id='word_1_417' title='bbox 2277 2891 2362 2927; x_wconf 74' lang='lat'>(519.</span> <span class='ocrx_word' id='word_1_418' title='bbox 2388 2893 2527 2933; x_wconf 75' lang='lat' dir='ltr'>guttae</span> <span class='ocrx_word' id='word_1_419' title='bbox 2565 2889 2746 2925; x_wconf 85' lang='lat' dir='ltr'>cecidere</span> <span class='ocrx_word' id='word_1_420' title='bbox 2770 2908 2821 2912; x_wconf 92' lang='lat'>—</span> <span class='ocrx_word' id='word_1_421' title='bbox 2845 2888 2956 2932; x_wconf 82' lang='lat' dir='ltr'>Quas</span> <span class='ocrx_word' id='word_1_422' title='bbox 2986 2889 3133 2923; x_wconf 89' lang='lat' dir='ltr'>humus</span> 
     </span>
    </p>
   </div>
   <div class='ocr_carea' id='block_1_8' title="bbox 991 2950 3133 3126">
    <p class='ocr_par' dir='ltr' id='par_1_15' title="bbox 991 2950 3133 3126">
     <span class='ocr_line' id='line_1_41' title="bbox 993 2950 3133 2999; baseline -0.001 -11"><span class='ocrx_word' id='word_1_423' title='bbox 993 2960 1178 2997; x_wconf 76' lang='lat' dir='ltr'>exceptas</span> <span class='ocrx_word' id='word_1_424' title='bbox 1195 2973 1245 2977; x_wconf 74' lang='lat'>-</span> <span class='ocrx_word' id='word_1_425' title='bbox 1261 2953 1474 2995; x_wconf 77' lang='lat' dir='ltr'>animavit;</span> <span class='ocrx_word' id='word_1_426' title='bbox 1502 2963 1535 2986; x_wconf 73' lang='lat' dir='ltr'>v.</span> <span class='ocrx_word' id='word_1_427' title='bbox 1552 2954 1636 2988; x_wconf 96' lang='lat'>777.</span> <span class='ocrx_word' id='word_1_428' title='bbox 1664 2950 1881 2996; x_wconf 85' lang='lat' dir='ltr'>Supposita</span> <span class='ocrx_word' id='word_1_429' title='bbox 1909 2951 2062 2995; x_wconf 85' lang='lat' dir='ltr'>cepisse</span> <span class='ocrx_word' id='word_1_430' title='bbox 2083 2962 2218 2990; x_wconf 81' lang='lat' dir='ltr'>manu:</span> <span class='ocrx_word' id='word_1_431' title='bbox 2244 2964 2276 2987; x_wconf 83' lang='lat' dir='ltr'>v.</span> <span class='ocrx_word' id='word_1_432' title='bbox 2294 2954 2379 2990; x_wconf 80' lang='lat'>789.</span> <span class='ocrx_word' id='word_1_433' title='bbox 2399 2962 2503 2999; x_wconf 85' lang='lat' dir='ltr'>quae</span> <span class='ocrx_word' id='word_1_434' title='bbox 2522 2953 2680 2988; x_wconf 81' lang='lat' dir='ltr'>iactatis</span> <span class='ocrx_word' id='word_1_435' title='bbox 2700 2952 2899 2997; x_wconf 81' lang='lat' dir='ltr'>tetigisset</span> <span class='ocrx_word' id='word_1_436' title='bbox 2913 2971 2964 2976; x_wconf 92' lang='lat'><strong>—</strong></span> <span class='ocrx_word' id='word_1_437' title='bbox 2980 2951 3133 2996; x_wconf 90' lang='lat' dir='ltr'>pennis.</span> 
     </span>
     <span class='ocr_line' id='line_1_42' title="bbox 1200 3015 3130 3060; baseline -0.001 -11"><span class='ocrx_word' id='word_1_438' title='bbox 1200 3018 1245 3057; x_wconf 83' lang='lat' dir='ltr'>V,</span> <span class='ocrx_word' id='word_1_439' title='bbox 1263 3020 1294 3051; x_wconf 89' lang='lat'>7.</span> <span class='ocrx_word' id='word_1_440' title='bbox 1315 3018 1436 3051; x_wconf 89' lang='lat' dir='ltr'>motis</span> <span class='ocrx_word' id='word_1_441' title='bbox 1457 3020 1669 3059; x_wconf 69' lang='lat' dir='ltr'>exasperat</span> <span class='ocrx_word' id='word_1_442' title='bbox 1690 3016 1824 3051; x_wconf 84' lang='lat' dir='ltr'>undis:</span> <span class='ocrx_word' id='word_1_443' title='bbox 1848 3027 1880 3048; x_wconf 70' lang='lat' dir='ltr'>v.</span> <span class='ocrx_word' id='word_1_444' title='bbox 1898 3017 1946 3049; x_wconf 72' lang='lat'>54</span> <span class='ocrx_word' id='word_1_445' title='bbox 1968 3020 2006 3048; x_wconf 89' lang='lat' dir='ltr'>et</span> <span class='ocrx_word' id='word_1_446' title='bbox 2026 3018 2084 3049; x_wconf 79' lang='lat'>55.</span> <span class='ocrx_word' id='word_1_447' title='bbox 2104 3017 2231 3051; x_wconf 82' lang='lat' dir='ltr'>iaculo</span> <span class='ocrx_word' id='word_1_448' title='bbox 2247 3037 2297 3041; x_wconf 71' lang='lat'>—</span> <span class='ocrx_word' id='word_1_449' title='bbox 2313 3018 2439 3050; x_wconf 89' lang='lat' dir='ltr'>misso</span> <span class='ocrx_word' id='word_1_450' title='bbox 2458 3017 2616 3060; x_wconf 73' lang='lat' dir='ltr'>Figere:</span> <span class='ocrx_word' id='word_1_451' title='bbox 2638 3027 2671 3049; x_wconf 91' lang='lat' dir='ltr'>v.</span> <span class='ocrx_word' id='word_1_452' title='bbox 2688 3017 2749 3051; x_wconf 68' lang='lat'>96.</span> <span class='ocrx_word' id='word_1_453' title='bbox 2768 3015 2912 3050; x_wconf 85' lang='lat' dir='ltr'>cecidit</span> <span class='ocrx_word' id='word_1_454' title='bbox 2931 3015 3130 3057; x_wconf 78' lang='lat' dir='ltr'>collapsus</span> 
     </span>
     <span class='ocr_line' id='line_1_43' title="bbox 991 3076 2102 3126; baseline -0.001 -12"><span class='ocrx_word' id='word_1_455' title='bbox 991 3078 1053 3126; x_wconf 84' lang='lat' dir='ltr'>(cl&#39;.</span> <span class='ocrx_word' id='word_1_456' title='bbox 1078 3080 1223 3125; x_wconf 50' lang='lat' dir='ltr'>copim:</span> <span class='ocrx_word' id='word_1_457' title='bbox 1251 3091 1283 3115; x_wconf 84' lang='lat' dir='ltr'>v.</span> <span class='ocrx_word' id='word_1_458' title='bbox 1316 3079 1396 3118; x_wconf 75' lang='lat'>1:32.</span> <span class='ocrx_word' id='word_1_459' title='bbox 1422 3079 1591 3115; x_wconf 89' lang='lat' dir='ltr'>missum</span> <span class='ocrx_word' id='word_1_460' title='bbox 1619 3078 1732 3114; x_wconf 81' lang='lat' dir='ltr'>stetit</span> <span class='ocrx_word' id='word_1_461' title='bbox 1756 3077 1918 3121; x_wconf 68' lang='lat' dir='ltr'>inguine</span> <span class='ocrx_word' id='word_1_462' title='bbox 1946 3076 2102 3113; x_wconf 86' lang='lat' dir='ltr'>serrum.</span> 
     </span>
    </p>
   </div>
   <div class='ocr_carea' id='block_1_9' title="bbox 1199 3213 1945 3250">
    <p class='ocr_par' dir='ltr' id='par_1_16' title="bbox 1199 3213 1945 3250">
     <span class='ocr_line' id='line_1_44' title="bbox 1199 3213 1945 3250; baseline -0.007 -5"><span class='ocrx_word' id='word_1_463' title='bbox 1199 3219 1227 3240; x_wconf 67' lang='grc'>’1</span> <span class='ocrx_word' id='word_1_464' title='bbox 1253 3216 1297 3245; x_wconf 62' lang='lat' dir='ltr'>t&#39;l‘.</span> <span class='ocrx_word' id='word_1_465' title='bbox 1323 3216 1416 3245; x_wconf 73' lang='lat' dir='ltr'>etiam</span> <span class='ocrx_word' id='word_1_466' title='bbox 1443 3215 1597 3245; x_wconf 77' lang='lat' dir='ltr'>llaasium</span> <span class='ocrx_word' id='word_1_467' title='bbox 1623 3214 1662 3244; x_wconf 78' lang='grc'><strong>1111</strong></span> <span class='ocrx_word' id='word_1_468' title='bbox 1692 3213 1810 3247; x_wconf 47' lang='lat' dir='ltr'>Reisig,</span> <span class='ocrx_word' id='word_1_469' title='bbox 1837 3223 1862 3250; x_wconf 85' lang='lat' dir='ltr'>p.</span> <span class='ocrx_word' id='word_1_470' title='bbox 1892 3217 1945 3241; x_wconf 59' lang='lat'>7:71</span> 
     </span>
    </p>
   </div>
   <div class='ocr_carea' id='block_1_10' title="bbox 3708 0 3778 1762">
    <p class='ocr_par' dir='ltr' id='par_1_17' title="bbox 3708 0 3778 1762">
     <span class='ocr_line' id='line_1_45' title="bbox 3708 0 3778 1762; baseline 0 0"><span class='ocrx_word' id='word_1_471' title='bbox 3708 0 3778 1762; x_wconf 95' lang='lat' dir='ltr'> </span> 
     </span>
    </p>
   </div>
   <div class='ocr_carea' id='block_1_11' title="bbox 3180 3852 3778 3972">
    <p class='ocr_par' dir='ltr' id='par_1_18' title="bbox 3180 3852 3778 3972">
     <span class='ocr_line' id='line_1_46' title="bbox 3180 3852 3778 3972; baseline 0 10"><span class='ocrx_word' id='word_1_472' title='bbox 3180 3852 3778 3972; x_wconf 95' lang='lat' dir='ltr'> </span> 
     </span>
    </p>
   </div>
  </div>
 </body>
</html>
