2958 3622
2384 235 2445 289 19

308 394 455 423 vocem
491 384 673 431 auguris,
709 383 755 421 cf.
790 381 915 420 etiam
947 382 1192 431 polysynd.);
1227 392 1263 417 V.
1287 382 1376 420 496.
1399 381 1555 417 resonis
1588 380 1760 418 iterabat
1788 379 1975 426 vocibus;
2004 390 2040 416 v.
2059 380 2148 419 672.
2178 386 2374 425 expresso
2395 397 2446 405 —

307 448 542 485 curvamine
565 449 689 490 flecti3
713 457 749 481 v.
773 448 861 483 684.
883 446 1053 481 redeunt
1075 467 1128 473 —
1149 455 1303 482 rursus.

513 509 580 554 IV,
603 510 664 549 64.
689 508 861 556 Quoque
883 508 1015 555 magis
1038 509 1206 556 tegitur,
1235 510 1369 546 tectus
1391 506 1522 553 magis
1546 510 1706 544 aestuat
1727 507 1833 554 ignis
1858 502 1905 554 (c.
1930 504 2096 543 chiasm.
2118 504 2304 552 polypt.);
2329 515 2365 541 v.
2389 503 2450 543 85.

308 574 462 611 foribus
491 571 686 610 excedere
709 591 781 614 —,
811 570 992 617 Cumque
1022 571 1144 608 domo
1174 571 1345 609 exierint
1373 569 1616 616 (necessaria
1637 570 1675 605 h.
1697 570 1720 605 l.
1741 569 1969 606 coniunctio
1998 568 2213 615 temporis,
2243 569 2339 617 quia
2366 577 2450 604 non

308 640 372 674 est
398 637 439 672 in
468 645 546 672 usu
575 635 846 680 participium,
877 635 984 681 quod
1014 645 1158 672 sensus
1189 635 1403 681 postulat);
1433 643 1467 669 V.
1489 621 1575 671 36.
1597 634 1696 669 vidit
1721 635 1935 679 visumque
1959 634 2131 678 optavit;
2163 643 2198 667 v.
2220 633 2298 670 596
2321 635 2364 668 et
2386 633 2450 669 97.

307 700 354 737 In
377 699 489 736 sinus
513 718 561 724 —
586 697 687 740 ibat,
709 717 762 723 —
784 696 907 733 dabat
928 698 1136 744 amplexus
1159 719 1209 726 -
1234 697 1338 735 colla
1359 696 1521 742 petebat
1542 697 1618 743 (ter
1640 697 1781 744 idem);
1805 706 1841 733 v.
1866 698 1952 736 713.
1974 699 2019 732 ut
2041 697 2130 733 visa
2151 698 2231 738 est,
2253 695 2295 731 in
2316 695 2449 731 visam

309 763 457 808 saevit3
481 772 517 798 v.
541 761 628 800 734.
651 760 730 797 Ter
752 763 894 808 quater
917 761 1050 808 exegit
1071 762 1243 808 repetita
1264 771 1337 807 per
1358 759 1436 795 ilia.

516 825 564 868 V,
588 824 665 862 234
695 826 735 860 et
762 824 822 862 35.
852 833 898 860 os
932 824 1118 861 timidum
1147 845 1199 851 —
1228 824 1353 860 facies
1389 822 1560 858 obnoxia
1588 823 1749 870 (quater
1777 823 1966 859 timorem
1996 821 2271 868 significavit);
2299 832 2336 858 v.
2359 822 2448 860 410.

309 889 429 935 Quod
453 889 533 924 coit
556 887 740 932 angustis
762 887 961 923 inclusum
984 889 1184 923 cornibus.

515 949 589 993 VI,
619 949 705 988 396.
735 949 965 994 immaduit,
995 949 1324 996 madefactaque;
1353 959 1390 983 v.
1415 947 1499 986 480.
1528 959 1598 994 pro
1628 948 1801 985 stimulis
1835 947 2069 996 facibusque
2100 949 2271 996 ciboque
2303 948 2449 985 furoris

311 1015 389 1063 (ter
410 1013 581 1061 repetita
605 1012 747 1050 eadem
771 1011 907 1059 notio).

519 1076 610 1119 VII,
638 1077 721 1114 184.
751 1087 822 1122 per
850 1079 964 1112 muta
992 1076 1151 1113 silentia
1176 1075 1327 1119 noctis;
1355 1084 1391 1109 V.
1416 1074 1500 1112 290.
1522 1075 1642 1111 Pulsa
1671 1074 1773 1121 fugit
1801 1074 1975 1118 macies;
2005 1085 2040 1109 v.
2065 1075 2151 1112 355.
2180 1075 2279 1111 Cum
2311 1075 2448 1121 gravis

309 1139 445 1175 infuso
473 1139 591 1175 tellus
622 1138 725 1174 soret
751 1140 895 1174 obruta
918 1139 982 1187 (cf.
1004 1137 1257 1186 prolepsim);
1281 1147 1317 1170 v,
1341 1137 1428 1173 409.
1451 1138 1661 1173 tenebroso
1685 1146 1832 1173 caecus
1854 1137 1991 1183 hiatu3
2014 1147 2050 1172 v.
2073 1138 2159 1176 657.
2184 1137 2447 1185 Quaesitique

309 1206 433 1241 tenax
455 1205 495 1240 et
517 1203 585 1249 qui
608 1204 792 1249 quaesita
814 1199 1033 1250 reservot.

517 1265 627 1306 VIII,
654 1266 739 1303 160.
761 1265 909 1313 flexum
932 1265 1053 1300 Ducit
1074 1265 1115 1299 in
1141 1273 1320 1299 errorem
1339 1282 1391 1289 -
1413 1263 1581 1308 ambage
1603 1262 1770 1297 viarum.

518 1327 684 1374 Copiam
717 1338 823 1364 nunc
857 1338 960 1364 voco
994 1328 1158 1373 plenum
1194 1325 1401 1372 quoddam
1430 1325 1585 1361 dicendi
1613 1336 1761 1371 genus,
1792 1336 1872 1372 quo
1901 1327 2062 1361 veteres
2090 1335 2172 1361 non
2201 1335 2292 1362 raro
2321 1328 2447 1364 multo

313 1399 436 1438 quam
464 1400 540 1428 nos
568 1391 732 1428 uberius
757 1392 797 1428 et
818 1389 947 1427 fusius
971 1400 1036 1427 res
1060 1389 1309 1433 describunt,
1340 1398 1468 1436 eoque
1489 1389 1684 1426 vocabulo
1707 1391 1800 1426 utor
1818 1388 1946 1426 nostri
1968 1388 2223 1434 potissimum
2249 1390 2449 1427 sermonis

312 1455 469 1490 ratione
498 1454 653 1498 habita,
684 1455 751 1501 qui
778 1455 846 1490 illa
874 1454 1037 1490 brevius
1066 1454 1304 1500 plerumque
1334 1456 1375 1489 et
1403 1453 1539 1489 exilius
1566 1452 1746 1489 dicimus.
1801 1452 1933 1488 Retuli
1960 1452 2039 1489 huc
2067 1452 2179 1488 illum
2202 1461 2339 1496 usum,
2367 1462 2447 1500 quo

314 1516 482 1553 Ovidius
514 1517 686 1554 eandem
720 1518 784 1554 vel
814 1517 988 1553 similem
1018 1517 1227 1553 notionem
1257 1517 1419 1562 saepius
1451 1526 1571 1563 quam
1598 1525 1673 1551 nos
1701 1515 1785 1550 sere
1813 1515 2007 1559 solemus,
2042 1516 2116 1552 sed
2145 1517 2258 1551 vario
2288 1526 2449 1562 semper

313 1580 437 1617 modo
465 1579 665 1627 repetit;*)
694 1580 889 1627 imprimis
920 1583 1057 1617 autem
1085 1581 1210 1624 illum,
1234 1590 1314 1627 quo
1337 1579 1508 1616 Romani
1528 1580 1668 1623 verbo,
1698 1578 1806 1625 quod
1828 1579 1911 1614 iam
1933 1589 2006 1625 per
2028 1588 2075 1615 se
2101 1589 2188 1616 rem
2211 1590 2293 1615 non
2317 1580 2451 1616 solum

313 1643 513 1687 nominat,
552 1642 623 1679 sed
659 1643 783 1680 etiam
819 1642 1010 1680 describit
1047 1643 1303 1690 (graphicum
1342 1642 1473 1689 possis
1513 1641 1675 1688 dicere),
1715 1641 1917 1679 constanti
1949 1651 2062 1679 more
2099 1642 2352 1689 participium
2385 1642 2451 1680 vel

312 1706 556 1743 adiectivum
575 1706 729 1742 addunt
746 1707 887 1743 similis
904 1707 1092 1750 notionis,
1110 1719 1159 1743 ex
1178 1719 1271 1754 quo,
1290 1708 1325 1743 si
1342 1707 1595 1741 vernaculam
1612 1707 1792 1752 linguam
1808 1716 2035 1751 comparas,
2052 1707 2232 1742 nascitur
2248 1707 2452 1753 quaedam

314 1770 501 1808 dictionis
522 1769 779 1807 abundantia.
794 1770 866 1817 (Cf.
879 1771 985 1807 inter
998 1771 1077 1807 alia
1089 1771 1156 1815 ΙΙΙ,
1171 1771 1248 1817 41.)
1271 1771 1356 1807 Nos
1376 1770 1605 1817 plerumque
1618 1770 1659 1806 in
1673 1770 1743 1806 tali
1756 1780 1801 1806 re
1815 1780 1896 1806 uno
1911 1771 2036 1807 verbo
2051 1770 2165 1806 finito
2180 1769 2450 1816 defungimur,

313 1836 384 1870 aut
417 1834 452 1870 si
483 1833 691 1879 participio
725 1835 790 1870 vel
824 1834 1022 1871 adiectivo
1055 1835 1224 1878 utimur,
1259 1835 1428 1871 verbum
1461 1845 1557 1877 esse,
1598 1833 1705 1880 quod
1737 1832 1836 1869 nihil
1869 1834 1945 1869 nisi
1980 1834 2237 1870 existentiam
2273 1833 2451 1877 denotat,

314 1896 520 1939 addimus,
544 1898 614 1930 aut
636 1894 873 1933 adverbium
896 1897 1126 1942 adiicimus;
1151 1907 1433 1944 quamcunque
1452 1899 1586 1933 autem
1604 1897 1802 1933 rationem
1817 1896 1961 1932 Latina
1976 1896 2173 1933 reddendi
2189 1896 2451 1943 ingredimur,

313 1969 405 1995 raro
430 1961 618 1995 ornatum
642 1961 683 1994 et
706 1960 864 2004 copiam
887 1960 1073 1996 dictionis
1095 1961 1263 1995 Latinae
1286 1961 1449 2006 assequi
1468 1969 1702 2004 possumus,
1725 1960 1783 1993 ita
1804 1963 1849 1993 ut
1870 1960 1972 1994 haec
1989 1960 2030 1994 in
2046 1960 2247 2003 primariis
2263 1960 2452 1996 laudibus

313 2023 499 2058 veterum
527 2020 757 2067 linguarum
785 2023 975 2068 ponenda
1004 2023 1056 2060 sit
1084 2023 1207 2070 (idem
1237 2023 1346 2060 enim
1369 2023 1418 2060 de
1441 2022 1603 2060 Graecis
1625 2021 1842 2058 dicendum
1866 2021 1954 2067 est).
2008 2021 2081 2058 Est
2102 2025 2239 2061 autem
2262 2022 2326 2059 hic
2349 2033 2451 2060 usus

313 2093 397 2119 non
418 2084 553 2119 minus
576 2082 767 2130 frequens
790 2085 897 2130 apud
921 2086 1137 2132 scriptores
1158 2086 1366 2132 prosaicos
1391 2095 1508 2132 quam
1531 2084 1636 2130 apud
1657 2083 1859 2131 poetas.**)
1897 2084 2091 2120 coniunxi
2113 2095 2206 2121 cum
2229 2085 2306 2122 hac
2328 2087 2452 2123 aliam

316 2145 476 2182 dicendi
513 2147 866 2192 consuetudinem,
904 2149 1004 2185 item
1042 2149 1083 2185 in
1120 2149 1302 2185 oratione
1336 2149 1510 2194 pedestri
1543 2148 1640 2184 satis
1673 2148 1884 2191 usitatam,
1924 2157 2005 2194 qua
2039 2159 2111 2193 pro
2144 2149 2452 2194 pronominibus

316 2208 664 2252 demonstrativis,
700 2211 835 2257 qualia
862 2213 957 2247 sunt
985 2210 1074 2256 ille,
1105 2214 1160 2257 is,
1188 2216 1282 2258 post
1307 2213 1474 2249 verbum
1501 2212 1656 2248 finitum
1685 2211 1937 2257 participium
1959 2211 2024 2247 vel
2046 2211 2228 2248 eiusdem
2252 2212 2366 2248 verbi
2387 2212 2454 2249 vel

315 2272 532 2319 synonymi
567 2271 802 2320 ponitur.*'⁶‘⁷'‘)
847 2274 991 2310 Attulit
1019 2274 1068 2311 de
1101 2276 1180 2312 hoc
1217 2286 1294 2312 usu
1321 2275 1509 2312 nonnulla
1537 2275 1744 2321 Zumptius
1773 2274 1808 2321 ξ.
1835 2275 1920 2313 718.
1948 2274 2038 2311 Hoc
2072 2275 2194 2312 modo
2227 2279 2374 2321 poetae
2407 2280 2453 2313 ut

316 2336 462 2382 duplex
496 2336 783 2382 compendium
816 2337 984 2381 faciunt,
1019 2339 1191 2375 alterum
1224 2340 1506 2385 pronominum
1537 2339 1712 2381 illorum,
1746 2347 1850 2385 quae
1884 2348 2009 2385 quum
2044 2339 2142 2374 nihil
2172 2340 2250 2375 nisi
2276 2340 2453 2386 logicam

315 2398 494 2445 aliquam
522 2400 731 2437 notionem
759 2402 1007 2444 contineant,
1037 2402 1170 2438 aliena
1198 2406 1292 2439 sunt
1320 2402 1404 2440 fere
1427 2413 1451 2438 a
1472 2402 1641 2438 dictione
1669 2402 1830 2447 poetica
1860 2402 1982 2448 (unde
2006 2401 2160 2437 dudum
2181 2405 2291 2439 recte
2313 2404 2453 2441 obser—

524 2564 557 2605 ¹¹)
582 2565 645 2606 Qui
667 2576 745 2600 usus
776 2577 875 2607 quum
905 2576 945 2599 ex
974 2567 1044 2607 ipso
1071 2566 1204 2608 linguae
1226 2568 1359 2608 ingenio
1381 2567 1560 2609 proveniat,
1591 2576 1656 2598 non
1679 2572 1728 2598 est
1750 2567 1837 2606 quod
1860 2567 1893 2598 in
1915 2567 2169 2608 interpretandis
2192 2569 2406 2609 scriptoribus
2429 2571 2452 2602 ii

317 2615 373 2655 qui
403 2615 519 2655 edunt,
551 2617 607 2649 ubi
636 2618 847 2651 inveniuntur
873 2619 1053 2652 locutiones
1082 2619 1194 2661 quales
1222 2624 1314 2653 sunt:
1339 2629 1436 2662 saepe
1457 2619 1635 2658 clamitare,
1666 2623 1740 2651 ante
1763 2628 1975 2661 praeparare,
1998 2629 2112 2653 rursus
2134 2624 2302 2662 repetere,
2326 2621 2454 2661 similia,

316 2669 390 2701 illos
413 2679 433 2701 a
454 2670 638 2711 suspicione
662 2672 843 2713 pleonasmi
864 2672 1026 2705 interdum
1048 2682 1114 2705 non
1136 2673 1205 2706 sine
1228 2673 1360 2715 negotio
1384 2672 1555 2705 defendere
1577 2671 1738 2705 studeant.

526 2723 577 2763 ”J
600 2723 645 2756 Ut
671 2734 713 2757 ex
746 2725 905 2767 scriptore
934 2725 1090 2767 pedestri,
1125 2725 1180 2766 qui
1210 2725 1348 2757 multum
1377 2726 1412 2758 in
1440 2726 1523 2758 ludis
1550 2724 1702 2757 liter-ariis
1731 2725 1858 2765 legitur,
1889 2734 1994 2766 pauca
2022 2730 2111 2758 certe
2139 2726 2291 2768 exempla
2318 2727 2456 2761 afferam

318 2774 358 2808 ef.
386 2774 477 2808 Caes.
506 2774 542 2807 B.
573 2775 610 2808 G.
641 2777 671 2817 Ι,
704 2783 752 2811 28.
782 2778 990 2818 reducerent,
1022 2778 1174 2812 reductos
1201 2789 1263 2819 —3
1294 2778 1340 2818 Π,
1377 2784 1431 2819 19,
1463 2784 1490 2811 5.
1522 2781 1672 2819 porrecta
1702 2777 1775 2810 loca
1806 2778 2028 2819 pertinebant:
2062 2778 2141 2818 VII,
2175 2784 2224 2811 59.
2259 2779 2456 2815 interclusas

318 2828 510 2869 distinebat;
540 2828 698 2871 imprimis
727 2831 765 2864 B.
795 2832 828 2864 C.
856 2832 886 2871 Ι,
918 2837 972 2871 65,
1005 2839 1029 2864 1.
1058 2841 1139 2873 quos
1168 2832 1224 2864 ubi
1253 2852 1292 2856 —
1321 2832 1407 2865 visos
1436 2830 1615 2871 conspexit:
1648 2837 1679 2868 1,
1712 2836 1760 2862 28.
1790 2831 2054 2872 deprehendunt,
2086 2832 2324 2874 deprehensa-‘33
2355 2844 2381 2865 c.
2408 2839 2456 2866 76.

318 2882 532 2923 producatur,
561 2881 755 2924 productos:
786 2894 811 2917 c.
836 2889 885 2917 41.
915 2885 994 2918 facit
1022 2889 1215 2928 potestatem
1246 2905 1286 2909 —
1316 2889 1475 2927 potestate
1503 2884 1602 2921 facta;
1633 2893 1658 2915 c.
1684 2888 1732 2915 61.
1763 2883 1909 2916 efficeret
1938 2904 1979 2908 —
2009 2885 2142 2918 effectis.
2175 2885 2228 2918 Ex
2259 2886 2321 2920 hac
2351 2888 2460 2929 figura

318 2936 503 2976 explicatur
524 2936 622 2968 etiam
643 2937 782 2978 simplici
802 2938 928 2969 ratione
951 2939 1041 2971 locus
1063 2939 1118 2971 ille
1141 2938 1196 2978 qui
1218 2939 1338 2979 legitur
1361 2939 1448 2979 apud
1466 2939 1634 2970 Caesarem
1657 2936 1692 2967 B.
1711 2937 1749 2968 G.
1766 2937 1805 2978 V,
1822 2943 1869 2969 12.
1887 2938 1943 2969 ubi
1962 2947 2021 2979 pro
2039 2940 2119 2969 bello
2135 2940 2229 2970 illato
2247 2940 2458 2972 scribendum

317 2992 530 3021 censuerunt:
554 2990 664 3022 sedato
684 2990 736 3023 vel
757 2990 829 3023 alia.

529 3044 595 3083 ***)
613 3043 706 3075 Hauc
730 3053 858 3084 quoque
882 3054 951 3076 rem
974 3050 1136 3085 accurate,
1157 3051 1192 3077 ut
1214 3045 1305 3084 solet,
1326 3046 1476 3077 tractavit
1492 3044 1632 3075 Dinerus
1654 3044 1688 3075 in
1712 3050 1952 3084 programmate
1970 3046 2100 3086 saepius
2116 3045 2250 3078 laudato
2269 3057 2341 3088 pag.
2356 3052 2394 3079 23
2411 3057 2460 3088 sq.

2153 3101 2198 3142 3.
