2958 3622
475 212 505 264 4

475 358 545 405 qui
574 369 695 405 quum
719 367 823 394 anno
846 356 966 393 huius
989 356 1141 393 saeculi
1165 355 1507 394 duodetricesimo
1532 357 1581 395 de
1606 358 1889 401 alliteratione,
1920 359 2033 396 cuius
2055 359 2208 404 figurae
2231 368 2331 395 usus
2355 363 2395 397 et
2415 360 2614 398 latissime

475 424 588 467 patet
627 425 666 457 et
700 420 791 456 inde
828 420 877 455 ab
915 419 1206 466 antiquissimis
1240 420 1370 465 poetis
1406 421 1535 466 repeti
1568 424 1719 466 potest,
1763 425 1950 458 accurate
1983 425 2023 458 et
2057 421 2268 467 diligenter
2302 421 2612 469 disseruisset,*)

476 484 685 519 videbatur
708 482 950 529 quibusdam
968 492 1117 518 novam
1136 483 1313 528 aliquam
1330 486 1502 527 terram,
1521 484 1768 530 incognitam
1786 486 2014 529 etiamtum,
2032 485 2176 521 harum
2194 485 2401 522 literarum
2421 486 2613 523 studiosis

478 547 691 592 aperuisse.
720 546 796 580 Vix
813 545 853 581 id
871 546 956 582 fieri
975 555 1096 590 posse
1113 547 1338 590 putaveris;
1360 548 1581 592 explicatur
1597 550 1734 581 tamen
1753 547 1847 583 inde
1867 548 1993 593 quod,
2011 558 2135 594 quum
2154 557 2225 592 per
2237 548 2404 592 longum
2418 550 2612 595 temporis

477 609 746 649 intervallum,
769 612 814 643 ut
836 608 1035 653 prioribus
1054 609 1257 645 erroribus
1276 609 1479 646 medelam
1497 610 1701 650 afferrent,
1719 609 1760 644 in
1777 610 2087 655 interpretandis
2106 610 2428 658 explicandisque
2448 613 2613 657 scripto-

474 673 583 709 ribus
620 671 910 718 grammaticae
951 672 1207 717 potissimum
1245 673 1446 710 rationem
1482 673 1691 714 haberent,
1732 671 1772 707 id
1808 674 1983 711 maxime
2024 674 2152 712 secuti
2187 677 2232 710 ut
2268 675 2453 721 syntaxin
2491 685 2612 722 quam

475 737 708 772 certissimis
748 736 898 780 regulis
938 736 1256 779 adstringerent,
1295 737 1336 771 in
1376 738 1521 783 quibus
1557 736 1698 770 dandis
1734 739 1961 782 categorias
1994 739 2147 784 logicas
2179 747 2378 773 summam
2416 742 2456 773 et
2489 748 2613 784 prope

473 800 635 837 unicam
662 809 848 836 normam
878 799 954 835 sibi
984 799 1282 844 proponebant,
1313 800 1466 836 vitandi
1494 801 1638 837 erroris
1668 799 1800 836 studio
1829 801 1870 836 in
1900 802 2088 844 alterum,
2119 805 2164 837 ut
2186 802 2352 844 assolet,
2383 802 2613 847 oppositum

472 862 624 898 inducti
657 865 788 897 totum
821 862 928 898 hunc
957 862 1110 905 locum,
1143 863 1211 908 qui
1243 863 1370 899 altera
1401 874 1449 899 ex
1477 868 1588 909 parte
1618 863 1842 898 locutiones
1868 866 1908 899 et
1929 863 2278 909 phraseologiam,
2311 874 2432 911 quam
2454 868 2613 907 vocant,

474 926 770 970 complectitur,
800 936 850 961 ex
872 926 999 961 altera
1022 925 1098 960 has
1121 926 1292 970 figuras,
1323 927 1510 972 syntaxin
1534 936 1654 973 quam
1677 929 1825 961 vocant
1847 929 2033 962 ornatam
2057 930 2098 962 et
2121 927 2154 962 si
2178 937 2281 973 quae
2306 928 2384 964 alia
2408 928 2539 974 magis
2563 928 2613 964 ad

472 999 593 1025 usum
616 989 779 1033 linguae
804 999 1053 1035 sensumque
1078 989 1254 1034 aliquem
1278 990 1437 1025 venusti
1460 988 1687 1025 revocanda
1710 991 1821 1030 sunt,
1850 997 1972 1033 quam
1996 988 2048 1023 ad
2070 991 2319 1036 praescripta
2339 991 2509 1036 logices,
2532 1002 2613 1027 non

473 1053 558 1088 sine
581 1052 789 1087 literarum
812 1052 993 1096 ipsarum
1018 1051 1261 1087 detrimento
1280 1052 1540 1097 negligerent.
1583 1051 1735 1095 Quodsi
1758 1051 1825 1096 qui
1843 1050 1964 1086 hodie
1980 1051 2250 1096 inveniantur,
2270 1054 2338 1099 qui
2355 1054 2462 1090 hunc
2478 1055 2613 1091 locum

471 1126 553 1152 non
577 1125 667 1151 esse
692 1115 830 1160 magni
854 1116 1053 1150 momenti
1076 1115 1304 1160 opinentur,
1330 1114 1492 1150 videant
1515 1124 1563 1149 ne
1587 1115 1626 1149 in
1650 1124 1783 1150 errore
1806 1114 1915 1149 haud
1937 1124 2063 1159 parvo
2086 1119 2317 1151 versentur:
2341 1117 2614 1163 refragrantes

472 1179 637 1225 quidem
660 1182 821 1223 praeter
845 1181 1005 1214 ceteros
1028 1178 1236 1214 habebunt
1258 1180 1416 1213 veteres
1439 1177 1564 1221 ipsos,
1589 1178 1730 1223 quippe
1755 1177 1822 1223 qui
1838 1177 2053 1222 plurimum
2073 1178 2114 1213 in
2132 1178 2209 1214 hac
2226 1179 2482 1224 potissimum
2499 1184 2613 1225 parte

471 1242 715 1279 elaborarint
740 1245 780 1277 et
802 1241 1019 1277 universae
1044 1241 1198 1278 formae
1220 1240 1444 1286 elegantiae
1469 1249 1671 1276 summam
1695 1249 1831 1277 curam
1849 1239 2126 1285 impenderint.
2163 1241 2331 1279 Accedit
2350 1241 2458 1287 quod
2477 1252 2614 1288 quum,

472 1315 593 1341 secus
624 1309 746 1350 atque
777 1304 884 1349 apud
912 1314 988 1340 nos
1017 1309 1095 1347 est,
1128 1314 1230 1350 quos
1259 1304 1386 1339 oculis
1415 1305 1554 1339 audire
1581 1314 1660 1339 non
1689 1303 1846 1349 illepide
1874 1314 2002 1349 nuper
2031 1304 2091 1339 vir
2114 1304 2277 1350 quidam
2300 1304 2480 1341 eruditus
2505 1305 2613 1350 dixit,

471 1369 609 1406 omnia
632 1368 689 1403 ita
712 1368 1004 1410 scriberentur,
1027 1370 1072 1403 ut
1094 1368 1185 1402 viva
1207 1378 1307 1403 voce
1331 1366 1597 1409 auditoribus,
1622 1368 1688 1412 qui
1712 1371 1859 1403 teretes
1882 1368 2080 1403 haberent
2098 1377 2236 1410 aures,
2260 1371 2329 1403 aut
2347 1369 2614 1405 recitarentur

472 1435 542 1468 aut
570 1432 732 1468 recitari
761 1433 1001 1476 putarentur
1029 1432 1148 1478 (quae
1180 1439 1244 1466 res
1274 1430 1446 1476 pertinet
1474 1430 1595 1466 etiam
1622 1430 1688 1466 illa
1717 1441 1798 1467 non
1829 1431 1975 1477 exigua
2002 1441 2052 1467 ex
2079 1433 2192 1475 parte
2222 1429 2273 1466 ad
2303 1433 2612 1476 grammaticam

470 1498 494 1532 i.
522 1507 553 1532 e.
578 1495 848 1540 syntacticam
873 1495 1094 1528 multorum
1117 1494 1296 1528 locorum
1321 1495 1726 1539 interpretationem),
1756 1495 1890 1530 facere
1912 1505 1993 1530 non
2017 1497 2250 1539 potuerunt,
2275 1495 2369 1539 quin
2397 1497 2613 1531 accuratis-

473 1561 578 1597 sima
608 1558 818 1603 diligentia
846 1568 894 1594 ea
922 1560 1227 1603 pertractarent,
1260 1567 1365 1603 quae
1396 1558 1544 1593 scirent
1573 1558 1700 1602 prima
1728 1558 1767 1593 in
1798 1559 1955 1594 aurium
1984 1558 2174 1593 iudicium
2205 1557 2360 1593 deduci.
2403 1559 2488 1593 Iam
2516 1570 2613 1595 vero

472 1632 629 1665 rerum,
661 1629 766 1668 quae
795 1621 875 1656 huc
903 1619 1138 1656 referendae
1169 1623 1278 1663 sunt,
1309 1620 1492 1657 omnium
1519 1629 1703 1657 summus
1726 1619 1868 1656 artifex
1892 1619 2095 1656 communi
2119 1622 2304 1656 veterum
2327 1622 2367 1657 et
2389 1621 2612 1658 recentium

474 1696 697 1727 consensu,
718 1685 847 1719 extitit
867 1683 1093 1727 Ovidius.**)
1118 1683 1243 1718 Simul
1260 1690 1397 1720 autem
1417 1685 1598 1730 sequitur
1617 1695 1665 1719 ex
1681 1685 1747 1726 iis,
1767 1694 1870 1730 quae
1889 1685 2019 1719 adhuc
2038 1684 2253 1729 disputavi,
2270 1688 2433 1720 nostrae
2452 1695 2613 1731 quoque

475 1749 621 1786 aetatis
656 1748 860 1788 homines,
897 1747 930 1783 si
959 1756 1160 1783 summam
1190 1750 1374 1782 veterum
1402 1747 1442 1782 in
1472 1747 1547 1782 hac
1577 1757 1620 1782 re
1650 1746 1916 1792 diligentiam,
1949 1747 2209 1792 elegantiam,
2244 1747 2473 1783 ubertatem
2500 1751 2613 1785 recta

474 1813 611 1849 mente
634 1810 842 1856 percipere
867 1812 907 1846 et
930 1808 1074 1846 deinde
1098 1809 1171 1855 ipsi
1194 1809 1388 1846 imitando
1407 1808 1577 1846 reddere
1595 1809 1799 1852 studeant,
1819 1818 1898 1856 qua
1913 1808 1953 1845 in
1970 1819 2012 1845 re
2030 1809 2202 1855 plurima
2218 1809 2448 1847 etiamnunc
2468 1810 2613 1848 docere

472 1886 548 1911 nos
573 1878 745 1919 possunt
768 1878 946 1914 veteres,
969 1874 1212 1908 laetissimos
1236 1883 1357 1918 posse
1381 1874 1468 1908 eius
1494 1874 1615 1908 studii
1634 1874 1786 1909 fructus
1806 1873 2005 1919 hodieque
2023 1874 2242 1918 percipere.
2256 1873 2458 1909 —Habet
2475 1877 2612 1909 autem

473 1939 593 1974 huius
622 1938 701 1973 loci
730 1936 919 1972 tractatio
951 1936 1173 1980 peculiares
1206 1936 1420 1982 quasdam,
1452 1947 1583 1981 neque
1612 1947 1682 1972 eas
1707 1938 1888 1981 exiguas,
1921 1936 2188 1972 difficultates.
2233 1936 2391 1971 Etenim
2416 1936 2542 1970 altera
2565 1946 2614 1970 ex

472 2006 585 2048 parte
615 2002 763 2037 harum
787 1999 1011 2044 figurarum
1035 2008 1132 2034 usus
1157 2004 1239 2034 tam
1264 2000 1341 2035 late
1366 2002 1478 2045 patet
1501 2009 1549 2035 ex
1571 1999 1658 2044 ipso
1681 2000 1841 2045 linguae
1865 1999 2028 2045 ingenio
2053 2002 2181 2042 ortus,
2211 2002 2256 2034 ut
2276 2001 2385 2034 totus
2411 1998 2614 2034 interdum

469 2067 572 2101 liber
595 2063 888 2100 exscribendus
911 2062 1037 2097 videri
1060 2064 1203 2107 possit,
1230 2064 1263 2097 si
1291 2066 1437 2096 cuncta
1460 2062 1641 2097 eiusdem
1665 2064 1883 2099 schematis
1908 2063 2091 2107 exempla
2112 2062 2213 2097 velis
2236 2062 2401 2105 afferre;
2421 2071 2470 2097 ex
2487 2062 2615 2097 altera

470 2131 683 2172 tantopere
712 2127 817 2162 inter
844 2136 888 2161 se
920 2135 1048 2161 nexae
1077 2126 1304 2171 ligataeque
1336 2130 1430 2161 sunt
1460 2128 1501 2160 et
1523 2126 1637 2171 quasi
1658 2126 1698 2160 in
1722 2130 1853 2162 semet
1875 2128 1984 2171 ipsas
2007 2125 2250 2170 implicatae,
2281 2128 2325 2159 ut
2348 2126 2382 2160 si
2406 2124 2614 2169 digerendi

472 2200 598 2228 causa
620 2190 721 2226 velis
744 2190 783 2225 in
810 2192 922 2225 certa
945 2188 1146 2234 quaedam
1165 2189 1295 2234 capita
1313 2188 1570 2231 distribuere,
1591 2188 1655 2223 vix
1673 2198 1874 2236 aegreque
1895 2188 2074 2235 separari
2092 2196 2117 2222 a
2135 2196 2178 2222 se
2198 2196 2244 2223 ac
2262 2186 2396 2223 divelli
2411 2187 2615 2234 patiantur

473 2255 555 2302 (cf,
584 2263 687 2301 quae
719 2252 892 2298 exempli
921 2261 1046 2287 causa
1069 2262 1090 2287 e
1115 2252 1248 2287 multis
1278 2253 1421 2295 affero,
1452 2252 1717 2297 anaphoram,
1747 2253 2018 2299 polyptotum,
2050 2250 2392 2297 parallelismum).
2447 2249 2615 2287 Accedit

472 2320 604 2355 minor
627 2316 810 2364 quidem,
835 2315 909 2351 sed
932 2325 1013 2350 non
1038 2315 1282 2360 spernenda,
1307 2314 1415 2361 quod
1438 2314 1531 2350 inde
1551 2326 1573 2349 a
1594 2316 1840 2361 temporibus
1865 2319 2050 2351 veterum
2066 2314 2275 2350 rhetorum
2294 2324 2423 2361 usque
2442 2313 2493 2349 ad
2511 2314 2613 2350 haec

471 2385 611 2419 nostra
634 2390 798 2416 summa
822 2379 896 2414 fuit
919 2378 1213 2414 vocabulorum
1232 2378 1329 2413 artis
1348 2378 1387 2412 in
1406 2377 1483 2413 hac
1501 2387 1543 2413 re
1562 2378 1753 2421 varietas,
1776 2376 2066 2420 inconstantia,
2086 2385 2210 2422 prope
2230 2375 2396 2412 dixerim
2415 2376 2610 2414 confusio.

472 2446 639 2482 Summa
662 2448 802 2480 autem
826 2448 866 2479 et
890 2443 1104 2488 potissima
1129 2442 1358 2483 difficultas,
1383 2445 1428 2476 ut
1450 2442 1490 2476 in
1508 2446 1592 2476 toto
1610 2442 1686 2478 hoc
1706 2452 1873 2488 genere,
1892 2441 2001 2487 quod
2017 2441 2149 2486 possis
2170 2441 2435 2477 aestheticum
2454 2450 2612 2484 vocare,

680 2654 713 2692 ²⁸¹)
740 2651 910 2690 Leguntur
934 2649 991 2681 illa
1014 2648 1046 2679 in
1071 2648 1188 2679 Museo
1214 2648 1370 2680 Rhenano
1395 2658 1414 2679 a
1431 2647 1609 2679 Niebuhrio
1632 2655 1663 2679 et
1683 2648 1856 2681 Brandisio
1880 2648 1967 2680 edito
1991 2648 2051 2679 vol,
2070 2647 2126 2679 111.
2145 2658 2174 2688 p.
2194 2652 2380 2679 324-418.
2415 2648 2453 2680 In
2476 2647 2611 2680 exordio

472 2708 551 2738 haec
582 2708 683 2746 ipsius
705 2704 826 2737 Naekii
850 2703 950 2735 verba
978 2702 1098 2733 habes:
1145 2703 1217 2738 „At-
1241 2702 1380 2732 fortasse
1410 2703 1491 2732 fines
1520 2702 1614 2732 huius
1644 2703 1689 2732 rei
1712 2712 1809 2741 quam
1832 2703 1896 2732 late
1919 2707 2054 2741 pateant
2072 2720 2109 2724 —-
2126 2704 2250 2743 primus
2273 2706 2329 2732 aut
2352 2702 2491 2732 sensisse
2515 2701 2613 2738 dicar,

473 2762 541 2793 aut.
564 2757 715 2798 quoniam
740 2756 801 2788 hoc
826 2764 890 2787 non
914 2754 1020 2787 audeo
1044 2753 1168 2787 dicere.
1192 2752 1353 2794 probabili
1376 2752 1472 2784 modo
1494 2752 1704 2785 declarasse:-

679 2812 727 2848 **)
750 2809 843 2840 Adeo
872 2814 907 2839 ut
936 2808 1000 2839 iam
1030 2808 1196 2840 veteribus
1225 2816 1290 2838 non
1319 2815 1394 2837 raro
1422 2806 1552 2837 modum
1576 2808 1673 2838 etiam
1701 2808 1882 2839 excessisse
1911 2807 1998 2838 visus
2026 2806 2067 2838 sit
2094 2807 2236 2847 (Seneca
2265 2807 2390 2839 Rhetor
2417 2806 2458 2837 de
2481 2805 2611 2837 Ovidio:

473 2864 668 2904 „Nunquam
691 2864 752 2895 scit
780 2863 929 2894 desinere
960 2862 1048 2902 quod
1077 2862 1161 2892 bene
1188 2860 1350 2901 ‹·0epit“),
1380 2859 1578 2900 signiferque
1607 2861 1699 2901 quasi
1728 2860 1899 2892 habendus
1922 2860 1963 2891 sit
1985 2869 2096 2892 eorum
2119 2861 2276 2898 omnium,
2299 2860 2355 2900 qui
2376 2858 2611 2900 posterioribus

473 2916 685 2958 temporibus,
712 2916 745 2949 in
770 2916 1031 2950 Romanensibus
1054 2914 1260 2957 potissimum
1288 2913 1406 2949 literis,
1435 2912 1476 2945 ad
1505 2919 1614 2946 nostra
1643 2923 1745 2955 usque
1774 2917 1922 2954 tempora
1944 2913 2036 2947 abusi
2058 2913 2167 2956 potius
2190 2918 2266 2947 sunt
2286 2913 2356 2947 istis
2378 2911 2493 2953 figuris
2514 2921 2610 2954 quam

474 2970 531 2999 usi.
566 2972 611 3000 (Ὺ.
635 2971 809 3001 antithesin
832 2977 864 3001 et
887 2981 1088 3011 ‹rxynwrunr
1125 2969 1173 2999 De
1197 2978 1324 2998 summa
1346 2968 1452 2998 Ovidii
1475 2968 1506 2997 in
1528 2968 1674 2998 versibus
1697 2967 1879 3007 pangendis
1902 2967 2064 3006 elegantia
2086 2968 2125 2999 cf.
2148 2969 2245 3000 etiam
2264 2966 2458 3006 Bernhardy
2482 2966 2612 2997 Grund-

471 3022 534 3057 riss
557 3021 614 3055 der
637 3021 829 3055 Remis-chen
854 3022 1019 3056 Literatur
1042 3029 1069 3056 2.
1094 3020 1317 3063 Bearbeitung
1340 3031 1368 3063 p.
1395 3025 1464 3053 445.
