2958 3622
675 333 727 375 11,
761 333 843 368 109.
873 332 950 366 Per
983 331 1081 376 iuga
1113 331 1350 377 chrysolithi
1385 333 1622 379 positaeque
1657 342 1705 367 ex
1739 330 1877 367 ordine
1912 338 2119 377 gemmae3
2156 341 2191 366 v.
2215 331 2303 368 294.
2337 330 2607 377 Circumspice

468 403 682 442 utrumque
704 396 848 430 Fumat
870 397 1039 439 uterque
1063 394 1191 438 polus.

674 469 741 512 IV,
765 469 826 507 59.
849 468 1044 505 Notitiam
1066 470 1300 516 primosque
1324 471 1477 516 gradus
1500 467 1568 520 (?);
1599 478 1633 505 V.
1658 468 1745 507 620.
1768 467 1957 514 frequens
1979 488 2031 493 —
2053 466 2282 513 infestaque
2304 469 2414 505 terra
2435 468 2609 505 colubris

470 531 683 586 (ablativus
706 541 787 567 non
810 539 893 566 una
915 530 1210 577 significatione
1235 530 1433 585 additus);
1457 544 1493 570 v.
1518 532 1603 571 738.
1627 530 1818 578 Cassiope
1841 529 2106 577 Cepheusque
2128 532 2243 576 pater
2265 524 2498 583 (parentes).

674 604 779 646 VIII,
806 604 890 641 193.
913 604 1018 639 Tum
1041 604 1121 640 lino
1146 599 1303 642 rfledias
1328 609 1369 642 et
1393 607 1497 643 ceris
1520 607 1658 652 alligat
1679 602 1827 656 imas.*)

666 669 774 712 Ἀπὸ
802 676 957 718 κοινοῦ,
992 677 1030 711 h.
1055 686 1089 712 e.
1113 678 1235 724 quasi
1270 680 1541 715 communiter
1578 681 1810 715 constructa
1844 686 1893 712 ea
1925 679 2035 720 sunt,
2071 686 2174 725 quae
2208 686 2333 725 quum
2367 687 2417 714 ex
2449 678 2607 716 ratione

466 741 732 784 grammatica
754 740 805 774 ad
829 751 955 775 unum
979 744 1139 775 tantum
1163 742 1306 777 referri
1328 744 1503 785 possint,
1527 752 1650 777 sensu
1673 745 1811 776 tamen
1836 744 1877 775 et
1897 741 2061 775 notione
2085 740 2134 774 de
2159 740 2316 775 duobus
2339 742 2403 776 vel
2425 742 2607 786 pluribus

465 802 661 840 dicuntur.
699 802 785 839 Usu
815 803 927 839 venit
955 802 995 839 id
1024 804 1283 849 potissimum
1314 807 1355 841 in
1384 805 1603 851 participiis
1633 809 1673 841 et
1700 804 1917 840 adiectivis.
1957 804 2094 839 Possis
2120 804 2185 840 hic
2215 805 2337 840 etiam
2367 815 2605 841 enumerare

463 865 578 908 illud,
607 875 699 902 cum
729 866 934 902 obiectum
965 866 1015 902 ad
1045 866 1127 903 duo
1157 868 1343 904 membra
1364 869 1569 914 pertinens
1593 867 1720 903 semel
1742 866 1903 912 ponitur
1925 868 1970 900 ut
1991 865 2042 909 II,
2068 866 2154 904 293.
2178 865 2295 911 Quod
2320 868 2353 903 si
2375 878 2450 904 nec
2471 867 2606 904 fratris

462 940 537 966 nec
560 932 600 965 te
623 938 716 965 mea
737 930 868 974 gratia
889 928 1082 980 tangit.*⁶“)

673 1001 713 1040 Κ
728 1000 796 1042 ῶλ.
812 1015 838 1041 α
874 1005 914 1041 et
947 1016 970 1041 κ
986 997 1052 1052 ὀμ
1068 1016 1098 1053 μ
1114 1017 1238 1043 aza.
1276 1004 1317 1041 L.
1343 1004 1394 1047 ΙΙ,
1420 1004 1505 1044 818.
1538 1034 1556 1050 ,,
1567 1002 1728 1041 Stemus
1739 1003 1758 1021 ⁴‘
1791 1002 1846 1039 ait
1872 1004 2047 1048 ‚,pacto“
2077 1002 2195 1040 velox
2218 1002 2419 1050 Cyllenius
2450 1004 2602 1049 „ist0;“

462 1076 498 1100 v.
523 1066 609 1103 837.
635 1066 759 1111 „Fide
784 1066 999 1102 minister“
1025 1067 1083 1102 ait
1109 1068 1363 1111 „iussorum,
1386 1072 1501 1109 nate,
1524 1067 1742 1102 meorum.“

668 1139 739 1183 111,
763 1141 851 1178 692.
877 1140 1171 1184 „Praebuimus
1194 1140 1351 1185 longis“
1377 1140 1579 1176 Pentheus
1606 1139 1869 1184 „ambagibus
1892 1139 2036 1173 aures“
2057 1138 2191 1184 Inquit
2210 1141 2279 1183 „ut
2294 1138 2603 1184 ira—posset.“

669 1212 718 1255 V,
743 1213 950 1251 280—84.
976 1213 1324 1258 ‚,Mnemonides“‚
1349 1216 1545 1259 cognorat
1568 1212 1691 1254 enim,
1718 1212 1974 1256 ‚,c0nsistite“
1995 1211 2093 1246 dixit
2117 1210 2224 1255 „Nec
2243 1210 2434 1255 dubitate,
2450 1222 2606 1257 precor,

460 1279 569 1313 tecto
610 1284 734 1321 grave
775 1274 890 1312 sidus
933 1278 974 1313 et
1016 1277 1189 1312 imbrem
1201 1278 1219 1295 ‘⁴
1256 1297 1307 1303 —
1345 1276 1480 1312 Imber
1518 1279 1602 1312 erat
1635 1295 1686 1300 —-
1722 1274 1878 1318 „vitare
1918 1284 2021 1310 meo.
2060 1273 2218 1309 subiere
2258 1273 2435 1310 minores
2474 1273 2604 1321 Saepe

459 1347 577 1377 casas
600 1338 770 1385 superi.“

666 1402 741 1444 VI,
765 1402 971 1439 280-84.
999 1404 1210 1446 „Pascere,
1235 1402 1425 1444 crudelis,
1450 1404 1606 1443 nostro,
1629 1401 1783 1435 Latona
1805 1399 1958 1441 dolore,
1982 1399 2179 1434 Pascere“
2204 1400 2260 1433 ait
2284 1401 2492 1448 „satiaque
2511 1412 2604 1440 meo

459 1468 531 1501 tua
551 1467 720 1510 pectora
741 1465 870 1500 luctu:
896 1463 1055 1511 Corque
1079 1465 1210 1501 ferum
1234 1465 1360 1500 satia“
1387 1464 1495 1500 dixit.
1521 1474 1615 1508 „per
1636 1462 1776 1498 funera
1799 1463 1954 1506 septem
1976 1460 2165 1498 Efferor.“

666 1533 795 1574 Κῶλα
823 1540 865 1574 et
893 1532 1101 1586 κόμματα,
1133 1549 1214 1575 non
1242 1536 1358 1574 valde
1391 1546 1537 1573 curans
1566 1535 1779 1572 discrimen
1806 1533 1902 1571 illud
1931 1544 2010 1581 quo
2040 1534 2225 1572 rhetores
2255 1535 2476 1584 antiquitus
2498 1537 2601 1576 haec

460 1600 647 1636 membra
669 1601 922 1646 longitudine
946 1602 1228 1644 metiebantur,
1252 1610 1395 1646 parum
1420 1600 1496 1635 sibi
1518 1600 1592 1644 ipsi
1614 1599 1653 1634 in
1678 1608 1726 1634 ea
1748 1608 1791 1634 re
1814 1599 2065 1641 constantes,
2089 1608 2194 1634 nunc
2211 1608 2313 1635 voco
2331 1608 2424 1635 eam
2443 1600 2602 1637 dicendi

460 1662 818 1707 consuetudinem,
850 1674 900 1700 ex
923 1673 1006 1710 qua
1031 1667 1190 1700 veteres
1214 1664 1371 1699 initium
1395 1662 1588 1698 orationis
1610 1664 1744 1697 rectae
1765 1661 2001 1707 interposito
2025 1661 2208 1698 subiecto
2232 1664 2273 1698 et
2294 1663 2419 1699 verbo
2443 1663 2602 1700 dicendi

459 1725 501 1762 in
534 1734 662 1772 parva
696 1725 813 1774 quasi
846 1726 1032 1763 membra
1064 1726 1129 1763 vel
1162 1725 1290 1763 frusta
1325 1725 1528 1763 dissecare
1562 1724 1753 1762 solebant.
1806 1724 1866 1761 Ea
1892 1724 2143 1762 consuetudo
2177 1727 2240 1762 est
2270 1728 2355 1762 tam
2387 1730 2600 1774 poetarum

461 1799 586 1836 quam
616 1790 860 1835 scriptorum
890 1790 1086 1826 orationis
1114 1789 1323 1835 pedestris.
1368 1790 1566 1835 Utrosque
1587 1789 1628 1824 in
1651 1797 1699 1824 ea
1721 1788 1963 1834 elegantiam
1986 1788 2191 1835 quandam
2214 1788 2399 1826 dictionis
2421 1790 2601 1828 invenire

461 1852 537 1888 sibi
570 1852 683 1888 visos
721 1861 813 1888 esse
850 1851 1104 1889 demonstrat
1130 1853 1246 1899 larga
1272 1853 1548 1898 exemplorum
1577 1852 1699 1897 copia.
1743 1851 1892 1888 Poetae
1921 1851 2116 1888 membris
2144 1852 2220 1888 illis
2247 1853 2384 1889 incisis
2414 1853 2533 1890 simul
2560 1854 2600 1890 id

457 1915 737 1959 lucrabantur,
762 1918 807 1952 ut
830 1925 1025 1953 caesurae
1050 1919 1091 1953 et
1115 1920 1361 1963 augerentur
1382 1926 1551 1951 numero
1576 1919 1614 1951 et
1636 1916 1812 1951 suaviter
1836 1915 1887 1951 ad
1909 1925 2029 1952 aures
2052 1913 2358 1968 acciderentffi)

673 2126 709 2166 θ)
732 2124 766 2157 Si
789 2123 940 2157 audimus
966 2123 1118 2157 Ovidium
1141 2123 1247 2165 ipsum
1270 2122 1406 2155 eandem
1428 2131 1497 2155 rem
1519 2122 1551 2154 in
1573 2123 1650 2155 Arte
1672 2123 1777 2156 Amat.
1800 2122 1849 2163 ΙΙ,
1873 2127 1913 2155 46
1937 2121 1984 2155 ita
2005 2121 2257 2156 describentem:

1200 2176 1245 2206 Et
1265 2176 1336 2206 leve
1358 2184 1418 2215 per
1439 2175 1497 2205 lini
1519 2175 1644 2206 vincula
1667 2176 1766 2206 nectit
1787 2184 1885 2216 opus;

1086 2227 1218 2268 Imaque
1240 2237 1316 2269 pars
1338 2227 1422 2260 ceris
1444 2227 1656 2268 adstringitur
1677 2228 1752 2269 igne
1774 2227 1889 2260 solutis
1911 2234 1971 2260 etc.

457 2287 537 2317 intas
561 2285 591 2315 h.
614 2284 634 2315 1.
657 2282 727 2316 ἀπο
753 2283 873 2316 κοινοῦ
900 2280 1155 2314 construendum
1185 2284 1248 2317 est,
1277 2280 1363 2320 quod
1392 2280 1490 2312 etiam
1513 2288 1532 2310 a
1554 2289 1588 2311 re
1616 2283 1647 2312 et
1675 2290 1736 2312 usu
1764 2280 2016 2313 commendatur.
2051 2280 2122 2312 Hoc
2150 2280 2177 2312 si
2205 2289 2271 2312 non
2298 2280 2485 2321 statuimus,
2507 2282 2598 2318 locus

456 2338 512 2370 ille
534 2337 598 2370 huc
621 2345 686 2369 non
709 2339 760 2368 est
780 2334 982 2368 referendus.

668 2401 724 2442 ”)
748 2398 970 2432 Referendum
994 2397 1057 2430 huc
1086 2398 1185 2431 etiam
1208 2397 1294 2440 quod
1316 2395 1508 2438 Kruegerus
1530 2395 1623 2429 affert
1644 2397 1677 2430 in
1699 2406 1833 2439 gramm.
1856 2397 1910 2431 lat.
1934 2399 1961 2440 ς.
1986 2402 2055 2431 689.
2080 2401 2144 2431 not.
2167 2407 2208 2430 ex
2231 2398 2300 2431 Art.
2323 2399 2430 2432 Amat.
2452 2399 2516 2440 111,
2542 2407 2598 2434 11:

1084 2452 1118 2483 Si
1141 2452 1248 2483 minor
1269 2450 1401 2482 Atrides
1423 2450 1584 2485 Helenen,
1606 2451 1811 2493 Helenesque
1832 2461 1977 2484 sororem

1194 2503 1266 2545 Quo
1289 2506 1416 2544 premat
1436 2502 1567 2534 Atrides
1588 2504 1720 2536 crimine
1742 2505 1847 2537 maior
1867 2504 1975 2537 habet.

666 2572 748 2612 a..)
771 2570 810 2603 In
837 2568 1053 2610 scriptoribus
1080 2567 1239 2609 prosaicis
1270 2565 1423 2607 exempla
1451 2565 1570 2607 ubique
1597 2567 1699 2600 obvia.
1744 2568 1795 2601 Ita
1823 2569 1851 2601 si
1878 2567 1997 2601 librum
2025 2568 2166 2610 primum
2186 2568 2228 2601 de
2250 2568 2388 2603 Oratore
2411 2570 2598 2611 evolvimus,

454 2625 562 2656 statim
584 2623 665 2655 haec
688 2627 879 2655 occurrunt:
903 2631 929 2654 c.
957 2627 1005 2653 11.
1029 2621 1113 2653 Tum
1137 2621 1206 2659 ille,
1235 2620 1310 2652 Non
1333 2628 1420 2657 sum,
1442 2619 1560 2659 inquit,
1583 2621 1725 2661 nescius,
1748 2621 1920 2661 Scaevola,
1943 2622 2007 2654 ista
2029 2641 2069 2647 —
2090 2621 2172 2662 dici3
2193 2621 2235 2654 ib.
2257 2631 2284 2654 c.
2309 2626 2356 2654 17.
2379 2622 2463 2655 Tum
2485 2623 2596 2656 ridens

455 2677 624 2716 Scaevola,
651 2675 725 2708 Nou
748 2675 911 2714 luctabor,
939 2674 1059 2715 inquit,
1088 2677 1213 2712 tecum,
1242 2674 1374 2711 Crasse,
1403 2671 1558 2713 amplius;
1589 2673 1629 2705 ib.
1654 2685 1679 2706 c.
1707 2680 1755 2707 18.
1783 2674 1869 2707 Tum
1895 2675 2073 2713 Antonius,
2102 2674 2227 2708 Probas
2253 2675 2347 2715 milii,
2375 2676 2495 2717 inquit,
2524 2676 2596 2715 ista,

457 2730 587 2764 Crasse,
616 2737 699 2769 quae
722 2728 820 2767 dicis;
848 2737 874 2758 c.
899 2732 947 2758 23.
979 2727 1084 2767 Quem
1108 2731 1158 2763 tu,
1188 2726 1309 2766 inquit,
1338 2725 1431 2759 mihi,
1460 2724 1603 2761 Mucius,
1632 2725 1780 2759 Staseam
1801 2727 1940 2759 narras?
1967 2736 1993 2759 c.
2019 2732 2067 2759 27.
2090 2727 2174 2760 Tum
2202 2727 2379 2768 Antonius,
2409 2727 2531 2770 Saepe,
2559 2732 2597 2762 ut

456 2781 550 2820 dicis,
586 2781 704 2823 inquit,
738 2780 967 2819 animadverti,
998 2779 1132 2818 Crasse,
1162 2783 1195 2811 et
1221 2783 1254 2811 te
1278 2798 1338 2811 -.
1368 2778 1388 2810 l.
1418 2777 1463 2816 11,
1492 2787 1518 2809 c.
1542 2782 1570 2810 3.
1598 2779 1681 2820 Quid
1712 2789 1769 2813 vos
1796 2779 1952 2813 tandem?
1981 2780 2132 2820 Crassus,
2160 2790 2238 2813 num
2266 2780 2454 2822 quisquam,
2481 2781 2594 2823 inquit,

456 2835 552 2867 novi?
591 2835 641 2866 Ita
667 2838 704 2866 ut
737 2834 819 2865 haec
854 2833 1026 2865 collocatio
1056 2833 1231 2864 verborum
1262 2840 1366 2872 paene
1397 2830 1543 2871 legitima
1570 2831 1633 2864 dici
1662 2833 1773 2873 possit.
1818 2832 1868 2864 De
1898 2832 2098 2864 Graecorum
2127 2842 2189 2864 usu
2216 2832 2303 2865 idem
2332 2832 2505 2865 dicendum
2534 2838 2594 2867 est.

457 2886 715 2920 Consentaneum
737 2890 799 2925 est,
827 2885 867 2918 iis
895 2885 950 2926 qui
979 2884 1128 2926 dialogos
1157 2884 1362 2926 scripserint,
1393 2882 1536 2919 Platoni,
1564 2883 1786 2925 Xenophonti,
1814 2884 1962 2917 Luciano
1990 2884 2074 2917 hanc
2101 2884 2239 2917 formam
2261 2884 2419 2926 imprimis
2440 2886 2592 2920 usitatam

454 2938 564 2971 fuisse.
608 2939 680 2972 Uno
708 2939 868 2980 defungar
895 2938 1056 2980 exemplo.
1102 2937 1242 2970 Toxaris
1263 2948 1291 2970 c.
1315 2942 1367 2969 52.
1390 2936 1506 2977 τοῦιο,
1536 2936 1619 2980 ἔφη,
1649 2939 1706 2970 καὶ
1726 2938 1873 2982 μᾶλλον,
1898 2935 1917 2971 ὁ
1936 2937 2160 2984 Ἀδύρμαχος,
2191 2936 2383 2982 ἐθελήσαιμ’
2415 2933 2460 2972 ἔν
2486 2939 2527 2973 cf.
2548 2940 2594 2973 ibi

455 2996 521 3027 not.
542 2991 695 3026 Iacobitz.
