2958 3622
497 369 723 419 Negatio
746 373 787 407 et
808 369 1115 409 affirmatio
1137 370 1377 407 coniunctae
1406 367 1455 403 de
1483 367 1627 405 eadem
1655 379 1710 405 re.
1737 369 1778 407 L.
1802 370 1836 414 1,
1861 370 1948 408 392.
1977 370 2043 417 pia
2072 372 2168 406 sunt
2195 368 2429 417 nullumque

289 434 406 471 nefas
434 434 598 468 oracula
625 434 816 477 suadent;
845 444 881 467 v.
906 435 992 470 622.
1024 445 1106 469 non
1127 453 1180 459 ——
1203 433 1312 469 exuit
1334 451 1385 458 —
1409 434 1577 475 metum,
1604 433 1817 480 timuitque
1845 434 2004 478 Iovem3
2026 444 2062 469 v.
2090 435 2177 470 745.
2204 433 2429 480 metuitque

290 498 400 545 loqui
421 517 471 524 --
494 500 536 534 et
556 498 682 534 verba
702 486 928 543 retemptat.

498 558 551 603 11,
579 560 642 597 42.
674 558 757 596 Nec
781 561 826 595 tu
850 579 899 586 —
920 559 1077 606 Dignus
1107 569 1151 597 es
1174 579 1224 585 ——
1248 556 1390 604 negari
1420 559 1460 593 et
1488 556 1677 605 Clymene
1706 567 1825 594 veros
1857 558 1981 595 edidit
2010 562 2141 605 ortus;
2171 550 2216 595 vs
2234 561 2319 599 161.
2349 558 2430 597 Sed

290 625 379 661 leve
403 622 562 669 pondus
585 624 687 665 erat,
710 632 785 658 nec
809 622 917 669 quod
940 632 1186 668 cognoscere
1209 622 1379 667 possent
1402 618 1504 656 Solis
1522 622 1630 668 equi,
1649 621 1847 668 solitaque
1866 622 2008 668 iugum
2026 622 2225 668 gravitate
2243 625 2427 669 carebat;

289 696 325 721 v.
349 686 436 723 811.
458 695 593 729 neque
617 684 715 720 dant
738 685 942 727 flammas,
965 686 1125 731 lenique
1148 688 1288 730 tepore
1315 686 1553 719 cremantur.

496 748 568 791 111,
592 748 680 785 552.
704 758 794 784 sors
818 770 867 775 —
891 747 981 784 Non
1004 748 1172 785 celanda
1197 747 1303 784 foret
1323 745 1592 793 lacrimaeque
1614 746 1768 792 pudore
1791 750 1985 784 carerent.

494 810 543 855 V,
566 810 655 850 244.
677 809 922 848 inexorabile
946 831 995 837 ——
1018 810 1193 849 Exerces
1216 808 1355 847 odium
1377 818 1452 847 nec
1473 809 1607 858 iniqua
1627 808 1718 847 finis
1740 808 1781 847 in
1804 809 1865 847 ira
1887 812 1969 856 est;
1992 820 2028 847 v.
2052 809 2138 851 382.
2162 820 2243 859 qua.
2265 832 2317 838 —
2339 811 2423 850 Nec

289 876 423 913 minus
446 875 600 912 incerta
622 876 703 917 est,
725 884 804 910 nec
823 883 927 921 quae
950 875 1081 921 magis
1104 873 1243 910 audiat
1264 882 1394 910 arcus.

495 936 862 985 Periphrasis.
906 937 947 974 L.
972 938 1006 982 Ι,
1037 940 1068 976 1.
1101 937 1147 974 In
1181 946 1288 974 nova
1320 935 1397 974 fert
1429 936 1584 973 animus
1621 938 1799 973 mutatas
1833 935 1967 974 dicere
2002 936 2153 974 formas
2188 934 2425 989 Corpora;*)

289 1012 324 1038 v.
348 1002 409 1040 35.
432 999 571 1048 magni
592 999 768 1046 speciem
792 1000 1030 1046 glomeravit
1051 1001 1092 1037 in
1115 999 1244 1046 orbis;
1267 1010 1303 1035 v.
1320 999 1380 1038 73.
1398 999 1518 1036 Astra
1532 1020 1578 1026 —-
1594 998 1829 1047 formaeque
1848 998 2018 1036 deorum
2033 996 2143 1051 (nosz
2164 1000 2228 1038 die
2246 997 2423 1055 Gotter);

288 1075 325 1099 v.
348 1066 410 1101 99.
440 1064 534 1100 Sine
563 1066 698 1100 militis
728 1075 823 1108 usu;
850 1076 885 1099 v.
909 1067 996 1102 239.
1026 1065 1170 1101 eadem
1200 1065 1371 1099 feritatis
1399 1065 1551 1108 imago;
1574 1074 1608 1097 v.
1632 1065 1719 1101 408.
1750 1065 1864 1108 Quae
1887 1085 1938 1090 —
1957 1075 2051 1109 pars
2073 1085 2120 1090 —
2146 1068 2306 1100 terrena
2335 1066 2422 1107 fuit,

289 1135 409 1163 versa
436 1129 499 1162 est
525 1127 565 1162 in
596 1127 774 1173 corporis
803 1136 922 1163 usum
950 1122 1087 1177 (longe
1118 1126 1410 1174 significantius
1439 1134 1558 1172 quam
1581 1125 1749 1171 simplex
1770 1136 1920 1165 nomen
1943 1128 2141 1174 corporis,
2166 1125 2212 1162 cf.
2234 1126 2301 1170 IV,
2328 1128 2422 1172 775;

288 1190 399 1233 VIII,
421 1186 526 1241 246).

494 1253 547 1294 ΙΙ,
574 1255 632 1291 17.
661 1253 773 1289 Haec
798 1262 916 1298 super
942 1253 1132 1298 imposita
1162 1254 1225 1288 est
1255 1251 1357 1287 coeli
1384 1250 1570 1297 fulgentis
1597 1253 1734 1298 imago
1763 1248 1879 1301 (nihil
1908 1252 2042 1287 minus
2066 1261 2189 1298 quam
2212 1251 2422 1304 circuitio).

496 1316 567 1358 III,
597 1317 685 1352 554.
717 1326 791 1352 nec
822 1316 926 1351 bella
952 1316 1093 1350 iuvant
1115 1335 1166 1340 —
1189 1325 1266 1350 nec
1301 1323 1401 1349 usus
1433 1324 1646 1360 equorum3
1673 1325 1709 1349 v.
1733 1315 1820 1352 669.
1851 1316 2136 1360 Pictarumque
2168 1315 2303 1351 iacent
2334 1316 2420 1352 fera

288 1389 458 1427 corpora
487 1378 776 1426 pantherarum
808 1372 956 1429 (moles
989 1378 1149 1414 illarum
1184 1376 1409 1414 belluarum
1442 1376 1618 1428 effertur,
1652 1376 1699 1414 cf.
1722 1376 1855 1427 σῶμα,
1890 1373 2028 1429 δέρας,
2063 1375 2218 1431 χρῆμα)
2228 1393 2241 1426 ‚-
2272 1389 2308 1415 V.
2331 1379 2419 1419 685.

286 1444 412 1490 Inque
435 1443 548 1478 chori
568 1441 711 1477 ludunt
734 1442 921 1487 speciem.

493 1505 560 1547 IV,
586 1506 670 1541 112.
692 1505 884 1540 Nostrum
907 1503 1082 1539 divellite
1107 1512 1254 1547 corpus
1277 1497 1442 1550 (Thisbe
1464 1503 1512 1539 de
1538 1513 1582 1540 se
1604 1502 1814 1555 loquitur);
1837 1515 1873 1539 v.
1889 1504 1976 1542 313.
2000 1505 2250 1540 circumdata
2272 1515 2419 1550 corpus

287 1568 457 1614 amictu;
486 1578 521 1603 v.
541 1569 626 1606 775.
650 1566 869 1605 Phorcidas
891 1566 1010 1603 unius
1032 1566 1201 1613 partitas
1224 1565 1388 1602 luminis
1410 1575 1526 1602 usum
1549 1561 1629 1617 (hic
1650 1566 1764 1603 locus
1786 1570 1947 1613 praeter
1970 1570 2128 1605 ceteros
2152 1567 2419 1612 demonstrat,

286 1633 483 1678 quantum
512 1631 669 1666 intersit
696 1631 801 1667 inter
822 1630 1117 1672 circuitionem,
1141 1629 1164 1664 i.
1188 1639 1221 1665 e.
1245 1629 1509 1675 periphrasim
1530 1632 1695 1666 ornatus
1718 1639 1842 1666 causa
1863 1630 2031 1674 factam,
2057 1634 2098 1668 et
2118 1632 2240 1674 hanc,
2264 1631 2314 1668 de
2338 1642 2419 1678 qua

284 1705 391 1732 nunc
413 1694 451 1730 lo
481 1703 556 1730 uor
576 1721 583 1728 .

456 1704 480 1740 q
493 1757 541 1801 V,
557 1690 652 1805 >458
674 1765 879 1803 parvaque
901 1756 1033 1793 minor
1054 1764 1248 1793 mensura
1268 1755 1421 1792 lacerta
1442 1758 1503 1792 est
1525 1751 1633 1806 (n0s:
1658 1765 1718 1800 er,
1742 1755 1791 1793 de
1814 1766 1941 1802 puero
1963 1754 2079 1809 ipso).

490 1820 564 1863 VI,
588 1820 676 1857 305.
698 1819 797 1854 nihil
819 1821 882 1856 est
903 1820 945 1855 in
967 1819 1144 1865 imagine
1168 1819 1318 1875 vivum.

491 1882 583 1926 VII,
610 1882 695 1920 128.
723 1883 792 1918 ubi
812 1902 865 1908 —
886 1882 1024 1928 imago
1057 1882 1213 1918 Effecta
1244 1883 1308 1917 est
1334 1880 1505 1916 hominis
1538 1875 1647 1930 (nost
1684 1882 1749 1918 ein
1778 1880 1982 1934 Mensch);
2016 1894 2051 1919 v.
2080 1884 2164 1922 181.
2198 1883 2257 1920 Ac
2288 1883 2417 1920 solida

284 1952 415 1986 terras
439 1946 637 1994 spectavit
658 1945 836 1992 imagine
858 1947 964 1983 luna.

493 2010 603 2054 VIII,
627 2011 715 2049 246.
738 2012 779 2046 et
801 2018 938 2046 serrae
959 2009 1135 2055 repperit
1156 2016 1277 2044 usum
1299 2004 1340 2059 (i.
1358 2019 1391 2047 e.
1407 2009 1578 2055 repperit
1596 2017 1750 2044 serram
1771 2011 1814 2045 et
1832 2009 2039 2056 quomodo
2057 2020 2107 2047 ea
2122 2010 2318 2048 utendum
2336 2009 2417 2064 sit).

490 2075 605 2110 Auct.
634 2073 686 2108 ad
708 2073 803 2109 Her.
826 2073 893 2116 IV,
917 2073 978 2111 32.
1007 2073 1110 2109 haec
1143 2072 1286 2109 habet:
1325 2074 1531 2120 „circuitio
1566 2074 1628 2110 est
1661 2073 1792 2108 oratio
1825 2084 1914 2109 rem
1947 2074 2170 2119 simplicem
2203 2078 2416 2120 assumpta

284 2137 619 2177 circumscribens
642 2136 868 2173 elocutione
886 2136 965 2174 hoc
987 2138 1123 2183 pacto:
1161 2134 1358 2184 Scipionis
1380 2135 1626 2185 providentia
1643 2135 1904 2183 Karthaginis
1926 2147 2024 2184 opes
2048 2136 2179 2185 fregit.
2211 2137 2315 2174 Nam
2337 2137 2416 2182 hic,

496 2294 532 2333 ⁴’)
553 2291 742 2333 Periphrasi
770 2299 950 2322 annumero
980 2291 1067 2322 hunc
1096 2291 1218 2330 locum,
1248 2292 1325 2331 quia
1352 2293 1472 2324 formae
1501 2291 1650 2323 videntur
1676 2291 1741 2323 dici
1769 2301 1829 2332 pro
1857 2291 1971 2324 formis
1999 2302 2188 2334 corporum,
2218 2294 2265 2326 ita
2293 2298 2331 2326 ut
2352 2294 2415 2326 hoc

281 2344 413 2386 quidem
440 2344 512 2377 loco
540 2353 606 2376 non
632 2352 771 2385 corpora
797 2342 882 2384 ipsa,
910 2342 968 2375 sed
995 2342 1119 2376 formae
1145 2344 1312 2377 notionem
1340 2343 1522 2386 primariam
1550 2344 1751 2384 contineant,
1773 2345 1794 2377 i.
1816 2354 1844 2377 e.
1866 2354 2006 2387 corpora
2031 2349 2124 2378 certa
2143 2345 2285 2387 quadam
2305 2346 2414 2388 figura

281 2401 315 2429 et
348 2397 456 2438 specie
490 2398 648 2439 praedita.
692 2397 730 2429 Id
757 2397 852 2429 simul
885 2396 1039 2437 explicat,
1073 2406 1132 2428 cur
1158 2398 1204 2429 sic
1231 2398 1433 2439 potissimum
1461 2397 1585 2429 locutus
1613 2397 1657 2430 sit
1682 2403 1794 2439 poeta,
1826 2398 1854 2430 si
1881 2402 2029 2430 nostrum
2050 2408 2147 2430 usum
2167 2408 2353 2441 comparas,
2374 2399 2413 2438 ἔξ

281 2449 548 2497 ἁπροςδοκήτου.
582 2451 714 2485 Etenim
735 2460 802 2484 uon
823 2449 968 2490 mirarer,
991 2449 1018 2482 si
1040 2449 1113 2491 quis
1135 2449 1315 2492 discipulus
1337 2451 1434 2494 paulo
1456 2449 1631 2492 sagacioris
1652 2450 1774 2492 ingenii
1796 2450 1842 2484 sic
1865 2451 1905 2484 de
1927 2451 1990 2485 hoc
2011 2451 2082 2485 loco
2105 2452 2304 2495 disputaret:
2328 2453 2416 2493 „Cur

279 2503 412 2538 tandem
438 2503 561 2536 formas
589 2507 730 2536 mutatas
756 2503 790 2536 in
818 2512 903 2536 nova
929 2510 1068 2544 corpora
1096 2511 1201 2544 neque
1230 2503 1359 2537 inverso
1387 2503 1511 2542 ordine,
1539 2511 1676 2545 corpora
1704 2507 1829 2536 mutata
1855 2505 1889 2537 in
1916 2514 2017 2538 novas
2046 2505 2190 2538 formas?
2218 2516 2328 2539 nonne
2356 2517 2417 2540 nos

280 2556 433 2589 dicimus:
456 2556 516 2589 der
536 2555 667 2598 Korper
688 2556 796 2589 erhalt
818 2556 891 2589 eine
913 2564 996 2589 neue
1020 2555 1163 2595 Gestalt,
1186 2565 1268 2589 non:
1292 2556 1345 2589 die
1368 2556 1493 2589 Gestalt
1513 2555 1607 2588 einen
1629 2565 1736 2589 neuen
1758 2557 1932 2599 Korper?‘·
1977 2558 2044 2590 Aut
2064 2562 2152 2591 certe
2175 2560 2414 2601 exspectaverit

278 2611 343 2644 tiro
372 2609 451 2643 dici:
479 2608 602 2642 formas
628 2614 770 2643 mutatas
798 2609 833 2642 in
855 2618 956 2642 novas
977 2609 1029 2642 vel
1049 2618 1189 2651 corpora
1209 2614 1337 2643 mutata
1358 2610 1393 2643 in
1414 2618 1504 2642 nova.
1546 2608 1655 2642 Sensit
1675 2609 1741 2643 tale
1764 2611 1886 2652 ahquid
1908 2610 2163 2651 hildemannus,
2185 2613 2242 2653 qui
2264 2613 2346 2646 haec
2367 2613 2415 2647 ita

278 2663 377 2697 vertit
395 2662 431 2695 in
451 2666 598 2695 nostram
618 2662 780 2704 linguam:
814 2662 1045 2703 Wandlungen
1065 2662 1165 2695 treibt
1185 2672 1228 2696 zu
1248 2662 1439 2695 verkiinden
1459 2661 1517 2694 der
1537 2661 1636 2694 Form
1658 2672 1699 2695 zu
1721 2672 1823 2696 neuer
1840 2664 2036 2707 Gestaltung
2052 2666 2106 2698 An
2128 2664 2214 2697 mich
2236 2665 2295 2699 der
2312 2666 2416 2700 Geist.

279 2716 408 2749 Vellem
429 2715 468 2754 ii,
497 2716 553 2756 qui
574 2716 857 2757 Metamorphoses
883 2715 918 2747 in
945 2724 1040 2747 usum
1067 2715 1253 2748 scholarum
1275 2715 1461 2754 ediderunt,
1490 2715 1648 2748 dixissent
1677 2716 1799 2756 aliquid
1821 2718 1861 2751 de
1884 2718 1955 2758 ipso
1978 2718 2289 2759 Metamorphoseon
2310 2720 2414 2760 initio,

280 2768 368 2810 quod
394 2776 436 2800 ex
463 2767 657 2813 editoribus,
684 2777 823 2809 quorum
849 2767 925 2800 libri
951 2766 1031 2800 mihi
1057 2767 1091 2801 in
1117 2771 1271 2810 promptu
1292 2767 1439 2807 fuerunt,
1466 2775 1549 2800 unus
1570 2765 1648 2799 fecit
1668 2766 1817 2810 Iahnius,
1844 2769 1891 2802 ita
1912 2774 2037 2811 tamen,
2060 2775 2097 2804 ut
2117 2779 2184 2803 non
2206 2771 2414 2807 satisfecerit.

279 2820 363 2856 Item
390 2820 431 2855 de
458 2829 584 2864 summa
610 2824 696 2861 arte,
724 2830 789 2863 qua
817 2821 899 2854 haec
926 2820 1027 2854 verba
1051 2821 1098 2855 ita
1125 2821 1284 2856 collocata
1311 2825 1404 2861 sunt,
1433 2824 1469 2854 ut
1496 2828 1536 2853 ne
1564 2829 1665 2853 unum
1693 2821 1824 2862 quidem
1843 2823 1916 2856 loco
1940 2823 2064 2857 moveri
2085 2823 2189 2865 possit
2210 2824 2281 2858 sine
2303 2825 2414 2867 aliquo

280 2884 396 2907 sensus
422 2874 646 2907 destrimentO.
675 2874 777 2906 altum
804 2878 855 2906 est
882 2874 1064 2915 silentium3
1092 2879 1126 2907 at
1152 2883 1229 2907 vero
1256 2873 1381 2906 tirones
1409 2877 1536 2914 putant,
1563 2873 1662 2905 talem
1684 2875 1930 2908 collocationem
1952 2877 2125 2909 verborum
2148 2886 2220 2908 esse
2242 2878 2414 2918 poeticam,

278 2927 341 2960 hoc
369 2938 482 2966 sensu,
510 2930 547 2958 ut
572 2925 732 2959 debeatur
753 2926 941 2959 necessitati
962 2928 1067 2960 metri.
1090 2947 1130 2952 —
1152 2927 1291 2959 Prorsus
1312 2926 1474 2959 aberravit
1496 2925 1536 2958 ab
1558 2925 1619 2958 hac
1642 2926 1823 2959 collocandi
1845 2932 1915 2968 arte
1937 2928 2100 2969 interpres
2122 2928 2176 2960 iile
2199 2930 2412 2971 novissimus;

280 2980 359 3021 quid
394 2981 481 3013 enim
516 2984 625 3021 potest
656 2979 811 3021 intelligi,
845 2980 932 3021 quod
960 2981 1064 3022 magis
1092 2980 1268 3013 abhorreat
1288 2989 1308 3012 a
1329 2983 1442 3013 nostro
1469 2988 1544 3015 usu,
1574 2987 1670 3019 quam
1703 2979 1821 3019 positio
1848 2980 1905 3013 illa
1933 2982 2182 3015 vocabulorum:
2224 2985 2300 3019 „An
2329 2985 2417 3018 mich

278 3032 339 3066 der
359 3033 498 3066 Geist?“
