2958 3622
464 231 497 285 8

465 379 578 416 Aura
600 398 646 405 —
663 378 814 414 Auram
833 396 880 401 —
901 376 1008 413 Aura
1032 372 1082 426 (c.
1106 377 1276 423 anadipl.
1312 382 1352 415 et
1387 380 1595 426 polyptoto
1630 378 1669 413 in
1704 387 1782 424 quo
1817 376 1854 412 h.
1882 377 1904 412 l.
1936 377 2055 413 simul
2090 377 2296 415 chiasmus
2331 376 2429 432 est);
2458 390 2494 415 v.
2519 381 2606 419 830.

468 442 516 478 cf.
539 443 588 486 V,
612 443 696 479 217.
2289 487 2291 489 Ι

675 503 715 537 L.
739 503 847 545 VIII,
875 514 910 538 v.
933 504 1001 545 35;
1034 514 1069 537 v.
1098 504 1191 546 109;
1222 515 1257 538 v.
1279 505 1351 541 179
1377 507 1417 540 et
1441 506 1510 548 80;
1541 516 1575 539 v.
1600 503 1806 545 231—333
1835 513 1871 537 v.
1896 503 1991 546 3243
2024 514 2059 538 v.
2084 504 2171 541 373.
2193 503 2325 539 Ambo
2343 506 2533 541 —ambo
2555 524 2606 530 -

470 569 588 603 ambo
616 565 712 613 (not.
743 565 1049 601 collocationem
1081 575 1172 600 cum
1205 569 1291 602 arte
1326 566 1476 603 factam
1505 568 1544 602 in
1571 565 1761 612 principio
1791 566 1832 600 et
1860 565 1939 600 fine
1970 564 2152 602 eiusdem
2180 574 2322 602 versus
2346 572 2386 603 et
2408 567 2449 603 in
2470 567 2605 607 medio

471 640 585 665 versu
611 625 771 677 alter0);
796 638 830 661 v.
850 629 925 664 412
950 632 990 663 et
1012 629 1069 665 13.
1093 629 1198 664 inter
1220 629 1290 664 Ilia
1308 650 1356 655 -
1375 641 1448 675 per
1470 631 1536 666 ilia
1558 624 1653 678 (not.
1677 628 1984 664 collocationem
2007 625 2343 679 praepositionis).

673 690 891 735 Anaphora
914 693 1001 727 tum
1018 692 1180 735 utimur,
1201 702 1294 728 cum
1312 702 1395 729 non
1415 693 1513 729 satis
1530 692 1724 728 habentes
1743 690 1869 727 semel
1889 691 2038 738 aliquid
2056 691 2222 736 dixisse,
2240 691 2350 729 idem
2367 691 2606 738 repetimus3

467 759 509 792 fit
537 756 576 790 id
605 755 838 799 plerumque
871 754 979 800 quod
1007 755 1166 790 animus
1198 757 1262 790 est
1292 756 1426 802 aliqua
1455 766 1498 791 re
1529 754 1782 796 commotior,
1813 763 1894 789 non
1917 757 2056 791 tamen
2078 755 2330 800 necessario;
2362 763 2458 791 nam
2481 754 2605 791 etiam

466 822 531 855 illa
554 818 736 862 repetitio
762 816 1044 852 adverbiorum
1069 820 1282 862 temporis,
1308 821 1426 863 quale
1451 822 1513 853 est
1531 819 1674 862 pariter
1691 837 1741 841 —-
1758 818 1925 861 pariter,
1945 820 2176 864 anaphorae
2195 820 2351 863 species
2372 822 2451 861 est3
2473 818 2607 852 differt

467 893 490 919 a
512 891 624 919 mera
647 879 882 926 repetitione
907 890 967 924 eo,
993 880 1101 928 quod
1126 881 1228 918 haec
1253 882 1412 918 aurium
1429 885 1584 918 tantum
1604 881 1665 918 vel
1682 881 1902 918 memoriae
1922 892 2046 919 causa
2064 883 2119 919 fit.
2149 882 2234 918 Iam
2253 894 2378 929 quum
2394 881 2603 925 vocabula,

469 956 570 993 quae
594 945 634 979 in
658 944 866 988 anaphora
889 945 1021 990 posita
1045 947 1157 988 sunt,
1181 946 1415 981 necessario
1440 945 1662 991 emphasim
1681 944 1875 988 habeant,
1894 948 2211 983 consentaneum
2230 949 2303 990 est,
2321 956 2370 983 ea
2388 955 2548 991 semper
2563 945 2605 981 in

467 1010 513 1043 iis
537 1008 716 1052 partibus
739 1016 883 1042 versus
908 1008 1113 1048 collocari,
1139 1018 1243 1052 quae
1268 1013 1438 1044 accentu
1463 1009 1672 1053 insignitae
1697 1008 1775 1042 sint
1799 1007 2046 1052 rhythmi003
2072 1012 2166 1043 sunt
2188 1008 2278 1043 illae
2297 1008 2471 1050 initium,
2491 1008 2606 1043 locus

467 1075 557 1119 post
575 1066 633 1121 (et
653 1066 763 1121 ante)
783 1080 996 1108 caesuram
1020 1070 1269 1116 primariam,
1294 1072 1404 1117 finis;
1430 1073 1605 1108 variatur
1627 1071 1726 1107 haec
1751 1072 1960 1108 collocatio
1979 1075 2067 1107 tum
2083 1074 2252 1115 tantum,
2273 1083 2365 1108 cum
2384 1072 2461 1107 alia
2476 1073 2608 1117 figura

467 1136 641 1177 adiecta⁷
671 1134 795 1169 veluti
825 1134 1024 1177 chia-snio,
1056 1133 1155 1169 ordo
1185 1135 1365 1181 vulgaris
1394 1136 1636 1171 immutatur.
1682 1133 1870 1181 Sequitur
1893 1135 2015 1171 etiam
2044 1138 2089 1171 ut
2117 1135 2351 1182 plerumque
2379 1128 2608 1180 ἇσυνὸέτως

466 1200 657 1235 efferatur
681 1198 906 1241 anaphora,
930 1208 1025 1232 nam
1050 1198 1217 1242 copulae
1242 1200 1483 1234 hebetarent
1500 1201 1579 1233 vim
1599 1199 1861 1243 repetitionis,
1882 1209 1962 1234 non
1982 1202 2196 1243 augerent;
2214 1199 2322 1234 unde
2339 1199 2384 1233 fit
2400 1201 2445 1233 ut
2461 1201 2607 1243 poetae

466 1262 542 1297 hac
563 1261 694 1306 figura
710 1263 874 1296 utantur
890 1270 982 1296 cum
999 1261 1183 1306 emphasi
1197 1249 1270 1306 pro
1287 1262 1631 1297 coniunctionibus
1647 1261 1881 1306 copulativis
1897 1256 1960 1311 (cf.
1976 1261 2023 1304 V,
2042 1257 2152 1312 117);
2169 1259 2311 1296 deinde
2327 1263 2371 1296 ut
2386 1261 2604 1306 anaphora,

469 1335 591 1371 quam
615 1327 781 1369 apparet
806 1324 844 1358 in
869 1325 1058 1359 omnibus
1081 1325 1290 1360 vocabulis
1313 1326 1448 1360 locum
1472 1326 1619 1360 habere
1641 1334 1776 1369 posse,
1801 1325 1996 1369 imprimis
2018 1325 2205 1369 frequens
2225 1324 2277 1359 sit
2293 1324 2333 1358 in
2351 1324 2605 1368 quibusdam,

468 1387 600 1434 qualia
626 1389 719 1423 sunt
742 1387 982 1431 pronomina
1007 1386 1344 1430 demonstrativa,
1375 1388 1559 1430 relativa,
1590 1387 1891 1431 interrogativa,
1922 1387 2113 1423 adverbia
2136 1386 2302 1421 modum
2326 1386 2543 1422 indicantia
2566 1389 2607 1422 et

466 1450 657 1496 negantia
680 1445 773 1499 (sic,
804 1451 1001 1496 imprimis
1031 1452 1072 1485 in
1102 1451 1207 1486 votis
1237 1451 1452 1493 faciendis,
1483 1462 1575 1494 non,
1598 1448 1692 1501 vir),
1723 1449 1914 1486 adverbia
1937 1450 2130 1496 temporis
2155 1452 2195 1485 et
2219 1448 2475 1485 adversativa
2497 1445 2605 1499 (iam,

465 1512 561 1565 sed).
600 1516 816 1550 Praeterea
840 1524 889 1550 ex
912 1514 1001 1559 ipsa
1024 1515 1144 1550 huius
1168 1515 1322 1559 figurae
1347 1516 1492 1549 natura
1516 1516 1555 1548 et
1577 1513 1726 1549 ratione
1751 1513 1931 1559 sequitur
1952 1516 1997 1549 ut
2013 1513 2079 1549 illa
2097 1513 2426 1549 coniunctissima
2445 1513 2496 1548 sit
2513 1522 2606 1548 cum

465 1578 553 1613 aliis
577 1575 839 1623 quibusdam,
861 1586 1033 1622 quarum
1058 1577 1292 1622 potissimae
1317 1579 1410 1611 sunt
1434 1576 1700 1622 polyptotum,
1724 1575 1951 1620 alliteratio,
1976 1576 2207 1620 antithesis,
2229 1576 2534 1622 parallelismus.
2556 1595 2605 1601 —

674 1642 733 1675 De
763 1640 997 1683 anadiplosi.
1050 1640 1151 1675 Cum
1181 1641 1424 1675 vocabulum
1463 1639 1621 1684 aliquod
1651 1640 1714 1674 vel
1742 1648 1834 1683 pars
1863 1648 2005 1674 versus
2034 1639 2315 1683 praecedentis
2343 1639 2539 1683 repetitur
2567 1639 2608 1673 in

465 1713 588 1740 versu
616 1705 812 1749 sequente
836 1702 900 1738 vel
924 1704 1110 1740 versibus
1135 1703 1416 1750 sequentibus,
1445 1703 1638 1747 imprimis
1661 1705 1795 1738 autem
1819 1713 1912 1738 cum
1936 1703 1976 1738 in
1999 1703 2110 1739 initio
2135 1713 2278 1739 versus
2302 1702 2342 1738 id
2365 1704 2608 1739 vocabulum

466 1765 673 1809 repetitur,
706 1765 814 1810 quod
844 1768 931 1799 erat
958 1765 1000 1799 in
1028 1768 1208 1801 extremo
1233 1774 1354 1800 versu
1378 1764 1637 1800 antecedente
1661 1765 1836 1811 positum
1859 1760 1922 1814 (cf.
1946 1764 1981 1808 Ι,
2006 1763 2116 1818 517),
2143 1765 2350 1812 anaphora
2371 1765 2606 1812 plerumque

467 1831 638 1863 vocatur
662 1829 910 1873 anadiplosis
935 1830 999 1864 vel
1024 1826 1316 1877 epanalepsis*)
1339 1823 1631 1875 (reduplicatio,
1662 1825 1976 1879 ἕπαναστροφή,
2005 1824 2263 1880 παλιλογία);
2291 1830 2332 1863 in
2362 1839 2442 1875 qua
2470 1829 2608 1864 anadi-

468 1890 570 1936 plosi
601 1890 635 1926 si
663 1891 864 1927 vocabula
887 1890 1063 1928 eundem
1085 1891 1125 1927 in
1149 1891 1335 1928 versibus
1358 1892 1493 1928 locum
1516 1892 1679 1935 habent,
1709 1892 1808 1929 haec
1831 1894 1962 1939 figura
1983 1893 2162 1938 proxime
2187 1892 2343 1929 accedit
2366 1892 2417 1927 ad
2441 1892 2608 1937 paralle-

466 1955 630 1989 lismum
653 1955 717 1989 vel
740 1955 874 2000 potius
899 1957 962 1989 est
984 1954 1292 2000 parallelismus.

677 2019 737 2054 De
759 2018 984 2063 anaphora,
1016 2028 1096 2064 qua
1125 2019 1342 2063 scriptores
1373 2019 1563 2054 orationis
1593 2019 1787 2063 pedestris
1817 2022 2001 2062 utuntur,
2029 2019 2134 2054 inter
2155 2021 2314 2054 veteres
2339 2019 2610 2062 exposuerunt

467 2081 607 2118 Cicero
644 2081 693 2118 de
730 2080 838 2118 Orat.
865 2080 934 2123 111,
970 2082 1038 2124 54,
1074 2082 1160 2119 206.
1197 2081 1261 2118 Or.
1288 2082 1461 2124 39‚135.
1495 2082 1607 2118 Auct.
1638 2081 1687 2117 ad
1716 2082 1808 2118 Her.
1832 2082 1897 2125 IV,
1920 2082 1977 2121 13.
2016 2074 2199 2127 Quinctil.
2223 2081 2292 2123 IX,
2317 2081 2357 2124 3,
2394 2081 2471 2123 28„
2505 2081 2609 2116 inter

467 2145 711 2180 recentiores
736 2144 761 2178 I.
787 2144 831 2179 G.
851 2143 1025 2178 Vossius
1048 2144 1169 2179 instit.
1198 2146 1296 2178 orat.
1314 2144 1361 2186 V,
1381 2144 1432 2187 3.‚
1458 2144 1525 2191 qui
1544 2153 1652 2179 inore
1671 2153 1743 2180 suo
1764 2144 1885 2180 etiam
1904 2144 2030 2179 multa
2046 2147 2259 2190 poetarum
2278 2143 2462 2190 exempla
2480 2143 2607 2188 affert,

468 2209 628 2243 Ernesti
656 2209 729 2243 lex.
759 2209 892 2243 techn.
922 2208 1022 2242 rhet.
1053 2208 1118 2241 lat.
1143 2219 1176 2250 p.
1202 2208 1307 2248 331„
1339 2208 1387 2242 de
1412 2204 1631 2256 παλιληγίᾳ
1654 2219 1689 2251 p.
1711 2210 1786 2248 10.‚
1811 2208 1915 2248 230.‚
1941 2208 2045 2247 331„
2074 2207 2257 2240 Handius
2280 2210 2496 2250 praecepta
2519 2208 2607 2251 styl.

468 2270 534 2307 lat.
559 2281 593 2316 p.
618 2270 723 2313 444„
747 2269 1094 2316 Naegelsbachius
1120 2269 1210 2315 styl.
1233 2269 1298 2305 lat.
1325 2280 1359 2315 p.
1386 2270 1461 2308 467
1480 2268 1540 2306 ed.
1565 2268 1609 2305 II.

676 2333 994 2370 Antithesis.
1032 2332 1065 2375 I,
1099 2333 1185 2370 314.
1211 2335 1319 2368 terra
1348 2332 1461 2369 ferax
1490 2333 1585 2368 dum
1614 2336 1719 2369 terra
1748 2332 1821 2368 fuit
1844 2328 1908 2382 (cf.
1932 2328 2110 2383 anaph.);
2137 2342 2173 2367 v.
2196 2332 2282 2370 345.
2311 2334 2496 2368 crescunt
2518 2332 2608 2370 loca

471 2397 798 2434 decrescentibus
821 2396 952 2433 undis.
1430 2404 1432 2407 ⁴

679 2460 730 2503 11,
757 2462 843 2497 764.
872 2461 966 2505 igne
996 2462 1115 2495 vacat
1145 2468 1323 2504 semper,
1354 2458 1523 2503 caligine
1553 2468 1710 2503 semper
1738 2459 1932 2503 abundat3
1961 2468 1996 2492 v.
2022 2457 2108 2494 781.
2135 2458 2340 2504 carpitque
2372 2460 2412 2494 et
2434 2460 2610 2505 carpitur

470 2533 569 2563 una,
595 2523 912 2569 suppliciumque
937 2531 1057 2558 suum
1082 2525 1144 2558 est
1168 2517 1232 2572 (cf.
1256 2531 1405 2568 oxym.,
1429 2518 1603 2572 polypt.).

680 2586 751 2629 III,
769 2586 830 2624 98.
847 2596 926 2622 vox
943 2585 1082 2621 audita
1100 2588 1180 2629 est,
1198 2596 1332 2633 neque
1350 2606 1402 2611 —
1419 2584 1491 2621 sed
1509 2585 1645 2620 audita
1663 2588 1724 2621 est
1741 2579 1968 2635 (parallel.);
1988 2582 2092 2629 Quid
2106 2604 2155 2609 —
2168 2582 2405 2630 Serpentem
2423 2586 2610 2632 spectas?

473 2653 514 2686 et
537 2654 580 2685 tu
605 2650 840 2695 spectabere
865 2658 1032 2694 serpens
1055 2645 1338 2701 (epanaleps.);
1363 2659 1399 2683 v.
1419 2646 1557 2699 228.**)
1578 2649 1646 2684 Ille
1669 2648 1771 2693 fugit
1793 2657 1867 2693 per
1891 2656 1996 2693 quae
2014 2665 2062 2672 —
2080 2645 2210 2682 fuerat
2232 2656 2354 2693 saepe
2378 2652 2541 2686 secutus
2558 2669 2610 2675 —

474 2714 644 2749 famulos
674 2714 759 2758 ipse
790 2722 904 2755 suos3
935 2723 970 2747 v.
996 2714 1082 2750 245.
1107 2713 1159 2748 ad
1190 2723 1341 2748 nomen
1369 2713 1434 2748 ille
1466 2715 1585 2756 caput
1613 2711 1733 2747 refert
1751 2731 1800 2737 —
1819 2714 1859 2746 et
1886 2711 2030 2746 abesse
2059 2714 2297 2756 queruntur;
2321 2722 2356 2747 v.
2381 2714 2467 2750 247.
2491 2714 2612 2749 vellet

681 2880 712 2918 ¹³)
736 2878 901 2910 Beckerus
925 2882 1036 2909 censet
1058 2877 1092 2909 in
1115 2876 1306 2917 epanalepsi
1329 2875 1469 2907 eundem
1492 2883 1605 2906 casum
1634 2873 1771 2905 nominis
1794 2872 1912 2904 debere
1935 2874 2051 2915 repeti,
2075 2874 2117 2906 ad
2138 2874 2180 2913 Z,
2204 2879 2275 2906 396.

673 2932 721 2971 **)
745 2929 905 2971 Imprimis
929 2929 1111 2961 antithetici
1140 2934 1216 2961 sunt
1244 2929 1307 2961 loci
1336 2928 1376 2960 de
1405 2928 1587 2965 Actaeone,
1618 2926 1658 2958 de
1680 2926 1833 2958 Narcisso
1856 2928 1900 2968 (v.
1924 2932 1983 2958 346
2007 2927 2037 2958 h.
2059 2928 2096 2969 l.)
2124 2937 2220 2968 quem
2248 2929 2352 2969 possis
2381 2938 2485 2970 paene
2507 2933 2611 2963 totum

478 2984 659 3015 exscribere
679 2989 833 3024 tanquam
856 2983 1041 3025 exemplum
1063 2983 1159 3015 huius
1181 2983 1324 3024 figurae.
1347 2981 1387 3014 de
1401 2978 1677 3021 Hermaphrodito
1694 2979 1766 3021 (IV,
1785 2983 1845 3012 378
1864 2982 1957 3022 sqq),
1980 2980 2019 3014 de
2037 2979 2151 3023 poenis
2169 2980 2255 3023 apud
2272 2980 2394 3015 inferos
2410 2980 2534 3015 Ixionis
2551 2985 2611 3016 etc.

479 3034 551 3075 (IV,
574 3040 634 3067 460
656 3038 749 3075 sqq).
772 3036 811 3067 de
835 3036 953 3068 Medea
975 3036 1069 3077 (VII.
1095 3042 1133 3068 20
1158 3037 1252 3076 sqq).
