2958 3622
424 336 660 384 Astypaleia
683 335 786 371 bello
818 335 942 380 (inest
969 334 1091 369 simul
1119 335 1411 382 epanalepsis);
1440 347 1475 372 v.
1499 337 1575 374 530
1599 338 1639 372 et
1662 336 1723 373 31.
1747 337 1891 382 quater
1914 335 2072 379 orbem,
2101 338 2246 382 quater
2266 355 2320 364 --
2343 335 2485 372 orbem
2510 336 2575 383 (cs.

424 403 684 449 chiasmum);
715 413 751 439 V.
775 403 853 440 600
880 404 922 439 et
947 404 979 440 1.
1008 402 1130 439 Fibra
1158 413 1321 450 quoque
1351 413 1478 452 aeg-ra
1501 408 1618 442 notas
1647 404 1732 440 veri
1759 424 1812 431 —
1840 403 2086 441 Perdiderat.
2114 403 2253 441 tristes
2281 406 2496 450 penetrant
2522 404 2576 441 ad

425 475 581 511 viscera
608 470 739 507 morbi
768 470 957 517 (parallel.
985 481 1070 507 non
1098 470 1292 515 sormam,
1321 473 1395 510 sed
1424 482 1568 511 sensus
1596 473 1833 517 verborum3
1863 472 2048 509 similiter
2077 482 2113 508 v.
2137 473 2226 516 611,
2255 471 2329 509 sed
2355 473 2397 508 in
2427 471 2574 510 eodem

425 541 578 587 versu);
614 550 654 578 v,
684 540 761 579 697
791 542 831 577 et
861 540 922 579 98.
956 540 1077 578 Pater
1121 540 1227 578 hanc
1273 542 1372 579 mihi
1415 543 1542 579 iunxit
1583 541 1851 585 Erechtheus,
1896 542 2014 579 Hanc
2057 542 2156 579 mihi
2192 541 2321 579 iunxit
2356 550 2472 579 amor
2511 540 2574 588 (cf.

425 607 715 654 anadiplosim).

629 676 740 719 VIII,
766 677 816 715 38
840 680 881 713 et
908 677 968 715 39.
992 676 1174 722 Impetus
1197 680 1261 713 est
1289 678 1345 713 illi
1368 699 1421 705 —
1445 683 1507 716 est
1533 679 1707 724 impetus
1735 679 1790 715 illi
1821 682 1917 725 (not.
1946 680 2173 716 chiasmum
2202 682 2243 715 et
2265 677 2575 715 collocationem

425 749 517 782 ante
541 745 695 781 factam
717 745 758 780 in
780 745 895 781 initio
918 746 1111 789 membri,
1134 745 1207 782 sed
1230 746 1271 781 in
1296 745 1470 784 diversis
1491 748 1672 794 partibus
1694 748 1865 794 versus).

631 813 954 849 Parallelismum
979 813 1100 859 (quae
1117 814 1251 860 figura
1266 817 1352 850 tam
1370 826 1498 862 prope
1516 817 1672 853 accedit
1687 815 1948 852 similitudine
1965 815 2017 851 ad
2035 816 2287 862 anaphoram
2303 815 2574 861 potissimum,

424 883 567 920 deinde
598 882 722 919 etiam
751 881 803 917 ad
834 881 1145 919 alliterationem
1176 886 1217 919 et
1245 886 1544 929 assonantiam,
1570 887 1822 932 polyptotum
1846 885 1999 922 similes
2020 884 2061 921 id
2081 895 2229 932 genus,
2252 887 2297 920 ut
2318 895 2401 921 non
2423 884 2574 931 ubique

424 951 538 989 facile
561 951 614 988 sit
635 951 789 987 iustum
813 949 1032 988 discrimen
1055 954 1234 989 statuere
1256 952 1363 990 inter
1383 954 1489 1002 illas)
1513 954 1600 992 dico
1624 964 1714 992 eam
1738 953 1923 1000 figuram,
1948 963 1997 990 ex
2016 962 2098 1001 qua
2113 953 2194 991 duo
2212 953 2400 1000 pluresve
2418 962 2573 997 versus,

423 1021 488 1058 vel
516 1020 664 1067 integri
693 1020 759 1057 vel
786 1020 941 1057 maiore
971 1031 1021 1057 ex
1050 1024 1182 1067 parte,
1212 1016 1489 1074 παραλλήλως
1517 1024 1539 1059 i.
1567 1034 1599 1060 e.
1623 1023 1843 1071 aequaliter
1871 1023 1974 1059 alter
2000 1022 2113 1059 iuxta
2141 1023 2314 1059 alterum
2344 1021 2574 1066 decurrunt,

424 1101 528 1138 quae
556 1091 781 1136 aequalitas
813 1091 924 1126 cerni
950 1094 1086 1136 potest
1115 1091 1155 1126 in
1186 1091 1449 1130 similitudine
1478 1094 1542 1130 vel
1566 1103 1708 1129 sensus
1730 1093 1793 1128 vel
1816 1091 1972 1128 formae
1996 1092 2060 1128 vel
2083 1092 2294 1138 utriusque
2318 1092 2575 1135 coniunctim,

424 1161 481 1196 ita
514 1163 669 1201 tamen,
704 1161 749 1194 ut
780 1158 958 1195 iucunda
993 1159 1193 1206 quaedam
1229 1160 1401 1197 variatio
1435 1162 1768 1198 intermisceatur.
1812 1161 1885 1196 Est
1913 1160 2037 1197 etiam
2069 1159 2365 1205 parallelismus
2399 1160 2576 1205 partium

425 1237 569 1263 versus
593 1227 659 1263 vel
681 1226 786 1263 adeo
810 1228 1064 1274 singulorum
1090 1229 1400 1273 vocabulorum,
1423 1230 1531 1267 hunc
1555 1234 1690 1266 tamen
1713 1229 1847 1276 potius
1872 1232 1942 1264 aut
1963 1228 2196 1274 anaphorae
2220 1232 2291 1263 aut
2313 1229 2574 1265 assonantiae

426 1298 496 1331 aut
526 1296 648 1332 etiam
674 1296 886 1341 polyptoto
916 1296 1244 1342 subiungendum
1273 1298 1423 1342 putavi.
1446 1318 1500 1325 —
1520 1299 1578 1334 Ne
1601 1299 1677 1334 hac
1707 1298 1870 1344 quidem
1898 1298 2030 1343 figura
2051 1299 2174 1342 poeta
2196 1297 2275 1332 nisi
2296 1297 2353 1332 ita
2374 1306 2474 1332 usus
2498 1300 2573 1340 est,

426 1366 471 1400 ut
499 1364 588 1409 ipsa
616 1364 704 1401 eius
734 1364 865 1400 forma
894 1365 1065 1402 haberet
1088 1365 1250 1412 aliquod
1273 1369 1531 1403 momentum
1554 1367 1604 1403 ad
1627 1377 1691 1409 ea,
1716 1376 1819 1413 quae
1842 1366 1976 1402 efferri
1998 1365 2135 1408 vellet,
2167 1375 2261 1401 cum
2283 1365 2325 1400 vi
2346 1365 2572 1410 efferenda3

427 1441 531 1478 quae
566 1433 675 1469 enim
710 1433 810 1470 mihi
843 1434 1008 1481 quidem
1041 1435 1155 1471 casui
1189 1434 1327 1472 deberi
1360 1434 1549 1472 videntur
1582 1435 1764 1481 exempla
1798 1435 1883 1471 eius
1918 1434 1960 1470 in
1992 1434 2056 1470 his
2086 1434 2198 1470 libris
2228 1442 2412 1481 quaeque
2439 1436 2575 1472 verbis

426 1500 566 1545 paucis
589 1499 736 1536 additis
760 1486 914 1545 notari,
945 1511 995 1538 ea
1016 1502 1263 1548 paucissima
1286 1504 1381 1537 sunt
1403 1512 1585 1538 numero.
