2958 3622
515 362 562 406 V,
593 364 643 403 86
666 366 707 401 et
729 364 791 403 87.
822 362 1144 410 Caucasiumque
1176 362 1330 400 Abarin
1351 380 1407 390 -·
1428 360 1666 410 Clytumque
1698 360 1941 412 (adversarii
1974 362 2113 400 Persei
2146 364 2445 406 enumerantur,

304 431 536 470 coniunctio
566 432 694 479 copul.
723 428 894 481 sexies);
917 441 953 467 v,
976 432 1054 471 607
1077 435 1118 469 et
1140 432 1229 471 608.
1252 431 1393 479 Usque
1423 430 1496 467 sub
1526 430 1812 469 Orchomenon
1832 452 1887 458 —-
1909 434 1950 468 et
1978 431 2066 467 Elin
2094 428 2206 481 (loca
2236 430 2313 468 sub
2342 438 2446 478 quae

303 500 407 546 fugit
427 496 663 549 Arethusa).

336 557 340 561 ζ
510 567 585 611 VI,
614 569 819 606 414—20.
846 568 1059 614 Argosque
1082 588 1135 594 -
1156 569 1207 604 ab
1241 568 1397 603 Isthmo
1430 564 1699 616 (enumeratio
1732 571 1911 613 urbium,
1945 579 2051 616 quae
2086 570 2247 615 legatos
2280 568 2446 603 Thebas

303 633 526 684 miserint);
550 646 587 672 v.
611 636 840 674 596—600.
863 635 986 673 Venit
1006 657 1059 664 —
1080 636 1388 683 Attonitamque
1412 635 1519 673 ducit
1541 634 1726 684 (septies,
1749 637 1955 684 praecedit
1977 635 2152 686 asynd.)

510 704 601 749 VII,
629 705 675 743 51
698 707 739 741 et
762 705 822 742 52.
844 704 1090 752 fratremque
1106 725 1155 732 —
1174 705 1226 742 Et
1246 705 1382 742 natale
1404 705 1553 750 solum3
1576 716 1612 742 v.
1633 708 1834 745 192—98.
1858 716 2041 754 quaeque
2066 707 2219 743 diurnis
2233 726 2286 731 —
2300 704 2445 741 adeste

302 770 524 822 (invocatio
554 773 744 816 Medeae,
777 771 1033 821 duodecies);
1056 785 1091 810 v.
1116 775 1311 812 461—71.
1334 774 1439 810 Hinc
1459 775 1653 821 Anaphen
1678 796 1728 801 —
1749 776 1887 812 iuvere
1916 779 2024 813 rates
2053 773 2324 824 (praecedunt
2347 782 2444 809 ana—

303 841 468 888 diplosis
488 845 529 879 et
546 842 819 888 epanalepsis,
838 841 981 879 deinde
1001 842 1213 889 quinquies
1233 842 1394 888 copula3
1412 842 1529 880 indea
1545 854 1580 879 v.
1598 846 1684 884 469.
1701 845 1847 882 iterum
1866 842 2117 894 quinquies);
2136 855 2173 880 y.
2188 844 2275 883 536.
2294 852 2444 880 canum

301 911 593 957 volucrumque
610 910 803 957 —Inque
827 910 920 947 feris
943 909 1200 960 (assonantia
1221 911 1417 957 imprimis
1440 912 1625 959 frequens
1648 913 1687 948 in
1710 913 1787 949 hac
1809 914 2092 950 terminatione
2106 934 2154 940 —-
2172 909 2272 961 um);
2297 922 2333 947 y.
2354 912 2444 948 547.

300 978 493 1025 silvisque
517 979 705 1026 agrisque
728 979 882 1025 viisque
905 976 972 1029 (cf.
999 975 1171 1029 asson.);
1195 990 1231 1014 v.
1255 980 1332 1017 656
1356 981 1397 1016 et
1420 981 1478 1018 57.
1504 991 1750 1028 parvumque
1774 992 1903 1027 genus
1926 1003 1979 1008 -—
2002 984 2042 1018 et
2068 981 2137 1028 qui
2158 1000 2208 1006 —
2231 984 2443 1016 reservent

300 1044 457 1095 (mores
481 1047 783 1094 Myrmidonum
810 1047 1030 1084 efferuntur
1051 1045 1351 1097 polysyndeto).

510 1117 621 1159 VIII,
651 1118 711 1154 22.
742 1117 946 1163 Armaque
979 1126 1189 1162 equosque
1230 1117 1472 1162 habitusque
1508 1117 1798 1165 Cydoneasque
1832 1120 2044 1164 pharetras
2080 1115 2245 1165 (quater
2280 1117 2322 1152 in
2357 1125 2439 1152 uno

301 1194 440 1229 versu,
458 1200 511 1219 =
529 1185 679 1232 pariter
695 1184 832 1221 omnia
847 1183 1000 1234 norat);
1018 1195 1055 1220 v.
1071 1184 1270 1223 302—17.
1288 1184 1520 1233 primaeque
1538 1187 1635 1223 ratis
1648 1207 1699 1212 —
1713 1187 1862 1234 Lycaei
1881 1184 2192 1235 (enumerantur
2208 1187 2439 1227 venatores,

301 1254 369 1298 qui
393 1253 641 1298 Calydonem
664 1258 940 1288 convenerunt
964 1275 1014 1280 -
1038 1253 1251 1298 quinquies
1276 1257 1317 1288 et
1338 1254 1459 1288 vicies
1483 1255 1640 1298 copula,
1668 1259 1812 1300 quater
1833 1256 2004 1289 variavit
2026 1253 2177 1300 poeta).

506 1316 817 1358 Πολυσύνδετον
839 1317 1079 1372 (συνάφεια,
1110 1330 1358 1365 connexum,
1381 1322 1619 1358 contrarium
1643 1320 1850 1373 asyndeti)
1873 1324 2041 1360 schema
2064 1325 2128 1359 est
2150 1320 2440 1358 coniunctioni-

298 1390 375 1426 bus
412 1388 678 1439 abundans,*)
708 1388 817 1436 quod
844 1399 926 1426 non
953 1390 1011 1425 ita
1040 1389 1319 1434 accipiendum
1349 1394 1426 1433 est,
1462 1391 1574 1437 quasi
1603 1402 1697 1428 vere
1728 1391 1936 1428 abundent
1964 1391 2267 1428 coniunctiones
2296 1391 2439 1426 contra

298 1467 419 1493 usum
455 1458 694 1503 scriptorum
731 1458 1027 1503 prosaicorum,
1064 1461 1232 1494 ornatus
1272 1460 1429 1493 tantum
1463 1459 1606 1504 poetici
1641 1468 1765 1495 causa
1792 1459 1954 1495 additae
1984 1467 2329 1504 supervacaneae,
2363 1457 2438 1493 sed

299 1525 596 1573 polysyndeton
619 1529 681 1563 est
705 1526 833 1563 oratio
856 1526 1029 1563 multum
1053 1527 1258 1573 copulata,
1284 1526 1357 1563 sed
1380 1527 1562 1573 copulata
1584 1527 1634 1564 ad
1652 1538 1743 1565 eam
1760 1528 1911 1574 legem,
1930 1537 2034 1575 quae
2054 1528 2176 1564 etiam
2192 1527 2234 1563 in
2252 1526 2436 1563 oratione

299 1596 477 1642 pedestri
503 1596 627 1640 valet,
656 1598 700 1631 ut
723 1598 793 1631 aut
817 1596 954 1631 omnia
975 1595 1081 1632 inter
1104 1606 1148 1632 se
1171 1596 1403 1643 iungantur,
1426 1599 1493 1632 aut
1515 1596 1626 1641 nihil,
1649 1597 1698 1633 iis
1722 1597 2037 1644 exceptionibus,
2061 1605 2180 1644 quas,
2206 1605 2332 1644 quum
2355 1595 2435 1632 sint

299 1666 554 1708 notissimae,
583 1675 690 1700 nunc
719 1665 846 1699 mitto.
890 1665 975 1699 Iam
998 1665 1093 1700 hinc
1123 1665 1344 1710 explicatur
1372 1675 1507 1708 causa,
1537 1676 1606 1701 cur
1629 1666 1735 1711 apud
1758 1666 1925 1701 eosdem
1948 1669 2127 1708 veteres,
2158 1665 2227 1711 qui
2249 1664 2436 1710 asyndeti

298 1734 553 1780 frequentem
586 1744 707 1769 usum
740 1732 925 1777 fecerint,
957 1744 1039 1769 non
1072 1733 1205 1770 minus
1239 1734 1433 1770 usitatum
1466 1734 1517 1770 sit
1550 1735 1862 1781 polysyndeton,
1900 1735 2086 1781 quamvis
2116 1734 2347 1779 oppositum
2370 1732 2436 1768 illi.

299 1802 490 1839 Nostram
515 1802 675 1839 dicendi
701 1801 1037 1838 consuetudinem
1060 1802 1095 1838 si
1119 1811 1419 1848 comparamus,
1443 1805 1614 1846 constat,
1637 1803 1678 1839 in
1702 1802 1978 1839 enumerando
2001 1812 2077 1839 nos
2105 1811 2266 1849 quoque
2285 1801 2436 1847 aliqua-

297 1876 416 1908 tenus
446 1880 570 1916 posse
593 1871 670 1907 hac
692 1872 825 1916 figura
844 1871 920 1914 uti,
952 1872 992 1907 in
1015 1872 1102 1906 aliis
1126 1875 1262 1907 autem
1285 1873 1407 1908 rebus
1430 1872 1629 1914 omnibus,
1656 1873 1871 1917 praecipue
1894 1873 1935 1907 in
1959 1872 2193 1917 copulandis
2217 1869 2436 1906 enuntiatis

302 1943 342 1976 et
369 1939 565 1976 membris
593 1939 932 1982 enuntiationum,
956 1948 981 1974 a
1003 1938 1260 1985 polysyndeti
1281 1950 1360 1977 usu
1381 1939 1494 1976 valde
1517 1939 1743 1975 abhorrere.
1786 1935 1969 1975 Variavit
1990 1942 2111 1985 poeta
2132 1939 2237 1975 hanc
2260 1938 2436 1983 figuram

297 2008 544 2054 interpositis
572 2008 677 2050 aliis,
704 2007 902 2053 imprimis
932 2007 1147 2053 asyndeto,
1176 2018 1319 2044 verum
1347 2009 1465 2044 etiam
1496 2007 1717 2052 anaphora,
1746 2007 1984 2053 anadiplosi,
2013 2018 2091 2044 usu
2122 2019 2205 2043 cum
2232 2014 2434 2052 praepos„

298 2077 451 2119 verbis,
486 2085 590 2122 quae
624 2075 872 2120 adiungendi
903 2076 1112 2111 notionem
1145 2076 1314 2119 habent,
1344 2077 1458 2123 quale
1491 2075 1743 2121 potissimum
1776 2077 1947 2111 verbum
1981 2078 2166 2120 addendi,
2196 2075 2262 2111 vel
2292 2075 2361 2117 ita,
2389 2077 2435 2109 ut

299 2145 486 2192 copulam
507 2143 741 2189 negativam
763 2143 950 2190 iungeret
970 2144 1105 2181 verbis
1130 2144 1304 2182 carendi.
1341 2145 1472 2191 Quum
1494 2142 1787 2190 polysyndeton
1810 2143 1888 2181 hoc
1911 2154 2059 2181 munus
2081 2144 2248 2188 habeat,
2272 2148 2316 2180 ut
2341 2152 2436 2179 cum

297 2215 451 2260 impetu
487 2212 664 2260 quodam
692 2214 733 2249 et
762 2211 802 2248 vi
832 2212 991 2256 efferat,
1027 2212 1143 2258 plura
1172 2214 1417 2251 coniunctim
1447 2216 1514 2249 aut
1540 2212 1663 2248 fuisse
1692 2214 1762 2248 aut
1785 2213 1987 2256 evenisse,
2012 2215 2330 2250 consentaneum
2358 2214 2433 2255 est,

298 2283 473 2328 primum
496 2291 619 2327 saepe
642 2280 781 2316 addita
801 2280 883 2325 legi
905 2280 1098 2316 adverbia
1114 2284 1283 2329 pariter,
1307 2283 1441 2326 simul,
1465 2281 1624 2325 similia3
1649 2280 1794 2316 deinde
1816 2281 1895 2317 hoc
1915 2282 2084 2318 schema
2104 2281 2433 2328 frequentissime

298 2352 485 2398 usurpari
507 2352 549 2387 in
572 2349 837 2401 describendo
859 2349 925 2385 vel
948 2350 1244 2395 enumerand03
1275 2361 1475 2398 nusquam
1498 2352 1648 2392 autem,
1671 2359 1764 2385 mea
1786 2349 1949 2396 quidem
1973 2351 2192 2393 sententia,
2215 2351 2302 2386 sine
2326 2350 2436 2386 iusta

299 2429 441 2464 causa,
469 2421 633 2466 propter
661 2419 847 2455 ornatum
872 2419 1029 2453 tantum
1052 2417 1273 2464 poeticum,
1304 2418 1377 2456 sed
1401 2428 1557 2465 semper
1578 2418 1650 2461 ita,
1672 2420 1718 2453 ut
1740 2427 1820 2455 non
1846 2417 2004 2455 difficile
2026 2405 2212 2456 videatur
2233 2418 2436 2455 rationem

298 2487 483 2531 reddere,
508 2497 579 2524 cur
600 2487 679 2523 hoc
701 2486 957 2533 potissimum
978 2485 1068 2521 loco
1092 2486 1157 2522 vel
1178 2486 1245 2522 illo
1269 2496 1368 2524 usus
1392 2487 1442 2524 sit
1461 2489 1590 2533 poeta.
1625 2486 1767 2522 Restat
1787 2489 1832 2522 ut
1852 2486 1992 2533 paucis
2016 2486 2066 2522 de
2083 2487 2436 2524 coniunctionibus

296 2545 404 2603 ipsis*
427 2556 583 2603 loquar,
612 2556 759 2602 quibus
787 2554 1084 2601 polysyndeton
1111 2553 1302 2591 efficitur:
1334 2555 1441 2602 quod
1469 2555 1502 2591 si
1532 2557 1594 2590 est
1619 2555 1740 2600 paulo
1767 2555 1946 2600 longius,
1974 2555 2058 2591 fere
2086 2556 2236 2602 ubique
2262 2556 2320 2590 ita
2346 2565 2435 2591 rem

295 2626 468 2663 instituit
491 2625 679 2668 Ovidius,
702 2627 748 2660 ut
771 2636 841 2673 que
864 2623 1188 2661 coniunctionem
1211 2625 1374 2670 saepius
1396 2625 1604 2670 repetitam
1627 2629 1664 2661 et
1686 2625 1915 2661 coniunctio
1935 2625 2108 2670 excipiat
2124 2636 2172 2662 eo
2191 2625 2435 2667 discrimine,

297 2693 405 2742 quod
433 2694 474 2731 in
502 2679 737 2731 unive'rsum
765 2693 870 2730 inter
896 2692 971 2729 has
1000 2690 1217 2739 particulas
1246 2692 1473 2738 intercedit,
1506 2692 1554 2729 de
1584 2703 1663 2740 quo
1692 2704 1786 2730 cum
1812 2693 1879 2730 alii
1906 2693 2022 2730 multi
2050 2696 2323 2740 exposuerunt
2345 2696 2435 2730 tum

297 2762 643 2809 Naegelsbachius
673 2762 762 2809 styl.
787 2761 853 2797 lat.
881 2771 916 2807 p.
947 2760 1151 2799 380-87.
1182 2760 1382 2797 Videntur
1409 2770 1472 2803 ea,
1502 2769 1603 2807 quae
1632 2770 1703 2806 per
1731 2770 1800 2810 que
1827 2762 2012 2807 copulam
2044 2770 2226 2798 connexa
2254 2765 2364 2804 sunt,
2392 2762 2436 2798 in

507 2975 540 3015 *)
564 2973 716 3015 Quinctil.
738 2973 800 3011 IX,
825 2978 857 3009 3,
882 2978 931 3005 51.
