2958 3622
2429 228 2461 283 5

324 376 420 415 inde
449 376 591 427 oritur,
620 376 728 423 quod
756 387 881 423 quum
909 376 1055 412 harum
1080 385 1216 412 rerum
1236 374 1430 412 iudicium
1453 385 1572 422 saepe
1594 376 1769 423 pendeat
1790 385 1873 411 non
1894 377 1980 410 tam
2003 384 2052 410 ex
2075 373 2280 420 cogitandi
2301 374 2459 419 legibus

325 440 445 477 certis
468 439 650 476 terminis
674 439 1003 485 circumscriptis,
1026 447 1149 486 quam
1172 449 1221 475 ex
1244 448 1369 475 sensu
1392 438 1523 485 aliquo
1546 440 1700 486 pulchri
1722 438 1980 485 venustique,
2005 436 2055 473 de
2080 447 2160 484 quo
2183 437 2260 474 etsi
2282 445 2348 473 res
2371 436 2460 481 ipsa

323 513 407 540 non
428 502 612 539 videatur
635 512 779 549 parum
802 504 961 549 aperta,
985 511 1067 538 non
1082 505 1216 548 potest
1232 503 1381 550 ubique
1400 502 1725 540 commodissime
1746 502 1935 549 explicari
1952 501 2009 537 ita
2025 503 2071 537 ut
2087 501 2259 538 alterum
2275 498 2459 547 protinus

325 566 377 602 ad
405 568 517 601 tuam
547 567 790 602 sententiam
818 566 1076 609 transducas,
1104 567 1190 603 fieri
1211 567 1326 603 aliter
1347 576 1429 602 non
1452 567 1578 611 potuit
1600 576 1721 613 quam
1744 569 1789 601 ut
1812 566 1948 601 multis
1969 565 2069 601 locis
2093 565 2134 600 in
2157 563 2459 600 diversissimas

324 631 459 675 partes
483 629 653 665 abierint
674 629 749 664 viri
776 628 884 665 docti
908 634 948 664 et
971 628 1200 666 etiamnunc
1223 630 1382 666 abeant.
1425 629 1688 666 Nihilominus
1711 633 1860 673 tamen,
1885 639 2010 675 quum
2032 628 2198 664 omnino
2220 637 2285 663 me
2309 635 2460 673 operae

323 692 497 739 pretium
521 691 722 730 facturum
744 702 966 739 sperarem,
991 692 1025 729 si
1046 692 1153 731 hunc
1175 694 1433 741 potissimum
1454 692 1586 730 locum
1609 694 1742 742 aliqua
1759 705 1808 731 ex
1823 695 1937 740 parte
1954 695 2188 736 tractarem,
2205 702 2288 727 non
2306 691 2458 727 invitus

324 757 400 792 has
422 759 558 802 partes
582 756 753 801 suscepi.

534 820 677 856 Restat
698 822 742 854 ut
772 819 1028 864 praemittam
1056 821 1248 856 nonnulla
1276 821 1326 857 de
1355 823 1443 856 tota
1469 821 1586 856 huius
1609 822 1837 867 scriptionis
1859 821 2015 856 ratione
2039 823 2079 855 et
2100 818 2363 854 institutione.
2405 818 2457 852 Et

326 883 680 928 Metamorphoses
704 881 867 928 quidem
890 882 993 928 elegi
1015 881 1066 918 ad
1089 882 1147 926 id,
1172 882 1281 929 quod
1305 883 1502 928 explicare
1524 885 1724 928 volebam,
1747 882 2047 926 illustrandum,
2071 881 2179 928 quod
2203 884 2243 917 et
2266 880 2457 916 Ovidium

326 956 533 984 summum
559 946 700 981 talium
730 956 865 982 rerum
893 946 1087 982 artificem
1117 955 1209 982 esse
1237 946 1359 992 inque
1382 956 1501 983 omne
1523 951 1681 994 tempus
1704 948 1869 994 reliquis
1893 946 2022 992 poetis
2046 945 2252 990 specimen
2275 944 2458 980 extitisse

325 1012 429 1046 inter
466 1018 609 1045 omnes
645 1012 803 1045 constat
837 1011 877 1044 et
908 1008 972 1044 hic
1003 1008 1106 1044 liber
1139 1019 1187 1044 ex
1215 1009 1263 1043 iis
1293 1012 1371 1052 est,
1406 1011 1472 1056 qui
1500 1011 1539 1047 in
1566 1012 1669 1047 ludis
1697 1011 1884 1047 litorariis
1913 1008 2236 1054 frequentissime
2264 1008 2454 1043 manibus

326 1073 505 1108 tironum
534 1074 729 1107 teruntur.
773 1071 958 1107 Continui
980 1073 1119 1106 autem
1148 1080 1213 1107 me
1236 1071 1341 1108 inter
1364 1075 1517 1118 septem
1538 1074 1689 1120 priores
1712 1073 1837 1109 libros
1861 1071 2020 1109 adiecto
2044 1070 2206 1107 dimidio
2231 1071 2381 1114 octavi,
2404 1079 2455 1106 ne

324 1136 431 1171 ultra
453 1135 678 1180 scriptionis
701 1135 966 1171 scholasticae
988 1134 1184 1170 terminos
1207 1136 1435 1180 transgredi
1457 1142 1665 1182 cogeretur
1687 1137 1902 1183 expositio,
1921 1139 1961 1171 et
1976 1138 2021 1170 ut
2038 1135 2157 1170 simul
2173 1134 2456 1179 significarem,

327 1208 451 1245 quam
484 1208 579 1234 vere
614 1197 764 1233 dictum
798 1201 907 1234 esset
934 1198 1016 1232 iam
1045 1197 1280 1243 antiquitus,
1314 1200 1354 1234 in
1381 1210 1455 1235 uno
1484 1211 1564 1236 esse
1593 1202 1728 1236 omnia.
1786 1200 1876 1235 Non
1904 1199 2036 1244 potuit
2055 1201 2203 1247 ‘autem
2234 1197 2333 1232 mihi
2364 1206 2455 1232 esse

325 1261 593 1308 propositum,
630 1260 679 1297 de
709 1260 862 1297 cunctis
888 1260 1028 1307 figuris
1055 1260 1120 1296 hic
1149 1259 1278 1297 fusius
1308 1260 1522 1299 disserere:
1551 1264 1653 1309 elegi
1682 1273 1768 1307 eas,
1799 1273 1900 1311 quas
1929 1262 2067 1308 putavi
2095 1261 2456 1307 frequentissimas,

325 1326 382 1360 ita
411 1328 566 1367 tamen,
596 1327 640 1359 ut
662 1327 792 1360 totum
815 1325 968 1368 locum,
1000 1324 1067 1371 qui
1095 1326 1158 1360 est
1182 1323 1232 1360 de
1254 1325 1399 1370 tropis,
1424 1323 1473 1361 de
1496 1324 1689 1362 industria
1712 1326 1961 1370 omitterem,
1992 1325 2042 1362 de
2067 1335 2146 1373 quo
2171 1324 2247 1360 alio
2271 1326 2455 1369 tempore

325 1389 518 1435 singulari
551 1389 684 1424 libello
718 1389 893 1424 scribere
928 1388 969 1423 in
1004 1388 1138 1423 animo
1176 1390 1248 1423 est.
1270 1408 1323 1413 —-
1349 1389 1537 1433 Exempla
1559 1390 1807 1434 singularum
1833 1392 2056 1435 figurarum
2086 1389 2163 1425 etsi
2193 1387 2329 1422 multis
2357 1387 2456 1421 locis

324 1452 496 1499 plurima
530 1451 691 1497 collegi,
726 1450 850 1499 (qu6d
878 1451 983 1488 inter
1012 1451 1111 1487 alias
1142 1460 1287 1488 causas
1317 1451 1438 1488 etiam
1470 1451 1557 1489 ideo
1588 1452 1663 1490 feci
1694 1458 1739 1490 ut
1767 1455 1919 1501 si'quis
1947 1453 2116 1499 posthac
2147 1451 2267 1488 vellet
2296 1453 2454 1486 ianuam

319 1517 516 1563 poeticam
538 1524 680 1560 reapse
703 1525 905 1559 reserare,
933 1524 1037 1562 quae
1061 1524 1126 1550 res
1149 1517 1259 1551 recte
1282 1517 1455 1550 tractata
1476 1516 1609 1562 magni
1631 1516 1789 1553 videtur
1810 1517 1959 1553 laboris
1984 1526 2092 1560 esse,
2116 1519 2257 1563 posset
2279 1513 2454 1561 aliquod,

327 1580 405 1614 etsi
428 1580 635 1624 exiguum,
659 1589 806 1623 operae
830 1579 1113 1624 compendium
1136 1578 1298 1622 facere),
1322 1589 1403 1614 non
1425 1581 1533 1623 potui
1554 1584 1706 1620 tamen,
1730 1590 1805 1614 nec
1823 1581 1947 1621 volui,
1967 1581 2104 1615 omnia
2119 1580 2267 1623 ubique
2286 1578 2453 1620 afferre;

324 1640 365 1677 id
394 1641 501 1678 enim
524 1643 568 1677 ut
591 1650 937 1688 supervacaneum
960 1643 1022 1678 est
1043 1640 1101 1677 ita
1122 1641 1331 1677 infinitum.
1376 1641 1460 1678 Iam
1481 1652 1574 1679 vero
1597 1652 1721 1689 quum
1744 1647 1858 1679 tanta
1880 1644 1931 1680 sit
1953 1643 2104 1689 ingenii
2126 1643 2290 1678 ubertas
2311 1640 2456 1684 Ovidii,

325 1708 370 1739 ut
392 1705 565 1740 eandem
588 1706 761 1749 figuram
785 1714 947 1740 summa
969 1714 1061 1740 cum
1085 1708 1170 1741 arte
1194 1706 1330 1741 multis
1352 1705 1483 1741 modis
1503 1706 1730 1748 variaverit,
1758 1706 1815 1740 ita
1837 1709 1882 1740 ut
1903 1707 2008 1742 inter
2030 1716 2074 1742 se
2097 1705 2301 1741 simillima
2319 1707 2458 1739 tamen

325 1768 460 1814 aliqua
488 1778 536 1804 ex
564 1771 678 1813 parte
701 1767 757 1802 ita
780 1767 984 1809 differant,
1007 1770 1052 1802 ut
1068 1769 1262 1812 peculiari
1285 1768 1460 1814 quadam
1482 1772 1689 1803 venustate
1713 1770 1908 1811 eniteant,
1938 1770 2074 1804 studui
2096 1769 2192 1803 illud
2216 1768 2392 1803 indicare
2418 1769 2458 1801 et

325 1830 525 1877 explicare
553 1830 593 1866 in
621 1830 698 1867 illis
727 1830 849 1873 notis,
879 1840 997 1877 quas,
1029 1830 1166 1867 dedita
1193 1841 1317 1876 opera
1338 1832 1379 1868 in
1402 1832 1546 1868 arctius
1570 1835 1813 1875 contractas,
1846 1833 1943 1878 ipsis
1968 1834 2160 1878 exemplis
2184 1830 2456 1868 subiiciendas

324 1895 473 1939 putavi.
490 1913 543 1919 —
558 1894 690 1929 Locos
714 1896 915 1936 veterum,
947 1895 1014 1940 qui
1046 1894 1095 1930 de
1123 1894 1186 1929 his
1209 1895 1329 1930 rebus
1354 1895 1608 1940 scripserunt,
1639 1894 1827 1931 Auctoris
1849 1895 2107 1941 potissimum
2131 1894 2181 1929 ad
2205 1895 2457 1930 Herennium

326 1957 411 2003 (qui
437 1957 538 1993 liber
566 1957 762 2002 imprimis
793 1958 924 1992 bonae
954 1957 1080 2003 frugis
1107 1958 1249 2002 plenus
1280 1958 1357 2003 est)
1387 1961 1426 1993 et
1449 1958 1712 2002 Quinctiliani,
1743 1959 1940 1993 seriorum
1971 1957 2114 1993 deinde
2138 1958 2296 1993 illorum
2320 1957 2456 1991 Rutilii

325 2020 444 2065 Lupi,
467 2020 681 2065 Agricolae
704 2019 893 2064 Romani,
916 2020 1001 2057 Iulii
1024 2021 1224 2057 Rufiniani
1246 2021 1322 2057 etsi
1343 2024 1523 2067 poteram
1546 2020 1595 2055 ad
1619 2020 1798 2066 singulas
1817 2021 1900 2058 fere
1919 2023 2071 2067 figuras
2089 2021 2335 2062 adscribere,
2355 2021 2455 2056 satis

326 2088 466 2119 tamen
492 2084 633 2126 habui,
667 2084 732 2119 hic
759 2084 837 2119 illic
866 2093 1112 2127 memorare,
1143 2093 1191 2120 eo
1221 2083 1476 2129 potissimum
1503 2083 1684 2125 consilio,
1713 2086 1774 2126 ut,
1805 2084 1872 2130 qui
1902 2084 2120 2126 discerent,
2150 2083 2314 2125 scirent,
2345 2082 2454 2119 unde

326 2148 419 2182 illae
443 2156 508 2182 res
530 2145 729 2191 petendae
753 2151 901 2181 essent.
940 2146 1139 2189 Similiter,
1163 2157 1256 2182 cum
1274 2147 1323 2181 de
1340 2151 1461 2191 poeta
1479 2148 1711 2189 scriberem,
1729 2147 1978 2191 pedestrium
1997 2148 2238 2192 scriptorum
2256 2147 2452 2191 exempla,

328 2210 404 2246 etsi
432 2208 633 2245 simillima
659 2217 741 2243 non
769 2217 860 2244 raro
891 2210 930 2244 et
959 2207 1304 2255 frequentissima,
1334 2209 1477 2246 afferre
1503 2220 1581 2245 non
1608 2210 1746 2255 putavi
1777 2220 1914 2246 meum
1944 2219 2052 2252 esse,
2081 2210 2188 2245 unde
2212 2209 2455 2255 quibusdam

326 2276 485 2309 tantum
523 2272 563 2308 in
603 2271 701 2307 locis
735 2271 911 2306 tironum
943 2271 984 2306 in
1017 2272 1188 2316 gratiam
1223 2273 1351 2309 citavi.
1417 2272 1457 2309 Si
1487 2273 1753 2308 recentiorum
1788 2274 1910 2309 etiam
1942 2274 2172 2320 linguarum
2205 2273 2456 2308 mentionem

325 2336 462 2379 inieci,
496 2334 573 2371 feci
599 2334 639 2370 id
667 2334 744 2370 hac
772 2337 925 2376 mente,
955 2338 1000 2369 ut
1029 2334 1372 2379 demonstrarem,
1407 2346 1524 2382 quam
1553 2339 1663 2371 arcto
1691 2337 1850 2372 vinculo
1880 2337 2027 2379 studia,
2059 2346 2162 2382 quae
2190 2336 2455 2371 humanitatis

325 2401 534 2442 vocentur,
564 2397 793 2434 etiamnunc
822 2406 913 2433 cum
940 2399 1103 2434 nostrae
1134 2398 1278 2436 aetatis
1308 2398 1459 2436 artibus
1486 2398 1690 2446 literisque
1720 2399 2001 2437 contineantur
2023 2404 2279 2447 quantusque
2302 2398 2458 2436 fructus

323 2462 446 2498 hodie
469 2462 593 2498 etiam
616 2471 665 2497 ex
685 2461 760 2496 illis
784 2461 932 2508 percipi
952 2445 1089 2507 possit.
