2958 3622
2367 203 2427 258 21

502 353 587 398 VH,
611 354 698 393 290.
720 354 842 390 Pulsa
863 351 965 398 fugit
987 353 1138 389 macies
1161 348 1226 403 (cf.
1250 349 1403 403 copia);
1426 362 1460 387 v.
1484 351 1778 391 338.tconiecto
1802 351 1972 388 emittite
1996 350 2120 395 ferro;
2138 360 2174 386 v.
2190 349 2279 388 355.
2295 346 2426 385 infuso

293 418 412 457 tellus
434 438 487 444 —
509 417 654 453 obruta
675 419 815 464 pont0;
838 425 876 451 v.
899 415 985 454 599.
1008 415 1124 452 tinxit
1149 414 1356 452 subiectos
1380 415 1575 461 sanguine
1599 416 1759 453 cultros.

500 481 609 524 VIII,
634 482 721 519 357.
742 479 872 515 moles
896 479 1069 515 adducto
1093 478 1252 515 concita
1272 485 1409 514 nervo.

500 542 699 588 Graphice
727 541 835 577 dicta
868 550 917 577 ea
950 543 1060 585 sunt,
1093 542 1134 577 in
1168 541 1314 588 quibus
1347 539 1450 575 ratio
1480 541 1519 576 et
1551 540 1716 583 modus,
1752 550 1831 587 quo
1867 538 1906 575 id
1942 538 2050 586 quod
2084 539 2207 574 verbo
2238 536 2431 584 primario

293 605 536 648 continetur,
571 604 724 640 factum
760 606 840 648 est,
877 603 1034 640 adiecto
1064 605 1191 640 altero
1215 604 1364 658 yerbo,
1396 602 1628 650 plerumque
1657 603 1883 649 participio,
1911 603 1967 638 ita
1994 602 2238 648 depingitur,
2268 604 2313 637 ut
2342 600 2431 637 eius

294 671 406 706 ortus
429 670 470 705 et
491 676 734 714 progressus
758 667 873 713 quasi
896 667 937 703 in
959 667 1097 704 tabula
1119 669 1213 704 ante
1237 667 1377 704 oculos
1400 669 1579 711 ponatur.
1615 665 1814 703 Constans
1841 666 1948 702 enim
1972 668 2035 701 est
2058 674 2157 701 usus
2180 668 2265 701 tam
2282 664 2431 701 Roma-

291 742 438 768 norum
462 740 585 779 quam
609 730 997 776 Graecorumstcum
1020 731 1130 768 notio
1153 731 1267 768 verbi
1288 730 1391 766 finiti
1412 730 1468 766 ita
1489 731 1540 767 sit
1559 733 1806 777 comparata,
1830 733 1874 766 ut
1896 728 1947 765 ad
1972 739 2062 766 eam
2087 729 2327 774 explendam
2349 728 2430 764 alio

292 795 416 831 verbo
440 794 556 841 quasi
578 793 816 829 intermedio
840 803 940 840 opus
965 795 1031 837 sit,
1059 794 1138 830 hoc
1161 796 1241 836 est,
1271 794 1305 829 si
1329 792 1425 840 quid
1447 793 1530 830 fieri
1548 803 1628 829 non
1650 793 1794 839 possit,
1823 792 1948 828 veluti
1969 791 2120 829 sulcum
2144 786 2429 843 patefaceref)

293 858 388 905 quin
416 858 588 894 alterum
615 858 897 902 praecesserit,
927 862 1104 893 aratrum
1128 867 1321 904 premere,
1349 857 1454 892 hanc
1483 858 1648 894 alteram
1678 858 1901 900 notionem,
1933 865 2054 903 quam
2077 865 2153 892 nos
2176 857 2217 891 in
2240 863 2430 891 sermone

292 920 511 956 vernaculo
533 919 710 956 indicare
735 919 1064 965 supersedemus,
1088 919 1204 964 plene
1230 922 1270 955 et
1292 920 1482 964 peculiari
1504 921 1635 967 aliquo
1658 921 1783 956 verbo
1810 920 1963 955 efferre.
1999 918 2200 963 Imprimis
2224 917 2428 964 frequens,

292 984 338 1017 ut
367 992 416 1017 ex
444 981 637 1026 exemplis
666 982 795 1018 allatis
824 984 1005 1028 apparet,
1034 984 1096 1017 est
1125 981 1190 1017 ille
1218 991 1318 1017 usus
1346 982 1387 1017 in
1415 983 1543 1019 verbis
1567 986 1723 1019 motum
1746 981 2075 1028 significantibus.
2124 979 2246 1016 Cuius
2270 978 2431 1016 dicendi

294 1044 616 1088 consuetudinis,
651 1046 727 1081 etsi
760 1046 954 1082 latissime
988 1047 1142 1090 pateat,
1177 1056 1309 1091 neque
1343 1048 1551 1091 poetarum
1586 1048 1744 1092 propria
1772 1047 1841 1089 sit,
1871 1045 1944 1081 sed
1969 1045 2056 1089 ipso
2078 1044 2241 1089 linguae
2264 1043 2427 1088 ingenio

294 1108 461 1150 nitatur,
496 1116 588 1141 cum
622 1107 990 1144 denominationem
1025 1106 1200 1154 aliquam
1235 1107 1423 1154 equidem
1457 1108 1585 1145 adhuc
1617 1119 1698 1145 non
1732 1108 1997 1151 invenissem,
2031 1107 2117 1152 ipse
2145 1114 2293 1142 novam
2320 1104 2428 1149 finxi,

295 1180 419 1216 quam
444 1170 535 1205 ideo
565 1170 669 1215 elegi
698 1171 822 1216 quod,
853 1174 898 1205 ut
926 1179 1047 1215 supra
1073 1169 1297 1205 indicatum
1325 1174 1402 1214 est,
1434 1173 1554 1208 verbo
1582 1173 1648 1208 illo
1677 1174 1838 1218 praeter
1860 1180 1982 1206 usum
2004 1169 2266 1205 vernaculum
2290 1168 2428 1203 addito

295 1231 516 1280 depingunt
550 1232 664 1280 quasi
697 1235 737 1269 et
770 1236 862 1271 ante
896 1233 1036 1270 oeulos
1065 1237 1221 1279 ponunt
1245 1234 1454 1279 rationem,
1483 1246 1561 1283 qua
1586 1236 1626 1272 id
1655 1235 1807 1272 factum
1836 1234 1905 1278 sit,
1937 1233 2046 1281 quod
2073 1233 2242 1269 verbum
2271 1231 2430 1267 finitum

295 1296 509 1332 contineat.
546 1296 749 1331 Pertinere
773 1300 909 1332 autem
931 1296 1037 1331 hanc
1059 1297 1233 1341 figuram
1257 1298 1448 1333 orationis
1471 1299 1520 1334 ad
1544 1299 1720 1335 Graecos
1743 1308 1825 1333 non
1850 1298 1984 1333 minus
2007 1305 2130 1342 quam
2154 1295 2205 1329 ad
2221 1294 2428 1330 Romanos

295 1361 336 1397 et
370 1369 419 1396 ex
453 1367 641 1395 sermone
671 1358 815 1395 Latina
846 1359 1042 1396 transisse
1075 1358 1116 1395 in
1149 1359 1310 1406 linguas
1344 1359 1635 1405 Romanenses‚
1669 1372 1773 1408 quae
1806 1364 2021 1403 vocantur,
2055 1359 2260 1396 neminem
2294 1359 2430 1402 potest

293 1422 453 1469 fugere,
484 1421 551 1469 qui
573 1422 693 1468 paulo
716 1422 942 1458 accuratius
965 1422 1070 1459 hanc
1092 1432 1179 1459 rem
1204 1423 1524 1461 consideraverit.
1565 1425 1624 1462 Ac
1649 1424 1698 1462 de
1722 1421 1944 1476 Graecis**)
1967 1422 2131 1472 quidem
2154 1420 2301 1459 sufficit
2322 1429 2429 1458 nunc

295 1486 484 1529 ablegare
509 1485 560 1519 ad
584 1486 841 1520 notissimum
857 1486 954 1519 illud
973 1486 1131 1520 dicendi
1149 1497 1295 1530 genus,
1317 1498 1367 1521 ex
1383 1498 1460 1532 quo
1476 1490 1598 1522 verbo
1617 1489 1728 1523 finito
1749 1491 1982 1522 constanter
2000 1487 2205 1520 adduntur
2219 1485 2429 1529 participia

295 1538 422 1599 31¹wa
454 1540 572 1595 ἔχων,
604 1541 760 1597 φέρων,
790 1539 947 1595 λαβών,
978 1538 1080 1599 ἶίρας
1108 1547 1333 1599 (nunquam
1363 1550 1565 1588 aliterme
1592 1552 1727 1598 legere
1756 1550 1921 1587 memini
1949 1559 2072 1596 quam
2102 1540 2256 1600 ἄραντα
2286 1544 2429 1598 φέρειν

295 1620 326 1647 s.
346 1605 646 1662 ssamdaacffl),
677 1610 791 1646 cuius
819 1611 1075 1656 grammatici
1104 1611 1287 1648 fecerunt
1314 1613 1475 1660 quidem
1503 1615 1676 1661 aliquam
1704 1614 1970 1657 mentionem,
2005 1613 2063 1648 ita
2091 1614 2248 1655 tamen,
2279 1614 2324 1647 ut
2352 1611 2429 1648 toti

295 1675 389 1712 huic
417 1675 506 1712 loco
536 1683 681 1720 parum
704 1683 824 1710 curae
847 1673 1133 1719 impenderint3
1163 1675 1214 1711 ad
1237 1676 1482 1713 recentiores
1503 1679 1638 1713 autem
1659 1677 1819 1723 linguas
1843 1676 1951 1723 quod
1974 1676 2136 1719 attinet,
2167 1674 2247 1711 duo
2271 1678 2430 1711 tantum

295 1741 483 1784 tangam:
509 1735 672 1774 'constat
700 1737 807 1773 enim
837 1737 964 1773 altera
991 1747 1040 1774 ex
1069 1741 1182 1784 parte
1212 1739 1254 1775 in
1284 1747 1469 1777 sermone
1496 1740 1627 1777 italico
1658 1749 1778 1777 usum
1808 1739 1920 1777 illum
1948 1739 2060 1777 verbi
2084 1737 2193 1786 quod
2216 1739 2280 1774 est
2302 1738 2431 1775 venire

297 1802 400 1838 adeo
436 1811 527 1838 esse
560 1800 828 1846 frequentem,
862 1803 907 1835 ut
941 1801 1059 1846 plane
1090 1802 1186 1837 illud
1214 1803 1384 1838 verbum
1414 1805 1597 1842 auxiliare
1626 1804 1778 1839 factum
1807 1805 1874 1846 sit,
1910 1815 1959 1839 ex
1988 1805 2116 1839 altera
2142 1803 2430 1847 Francogallos

295 1867 410 1901 tanta
438 1863 666 1901 constantia
692 1863 826 1900 verbis
854 1863 930 1899 illis
960 1866 1116 1901 motum
1147 1866 1462 1912 significantibus
1490 1866 1593 1903 aller
1615 1869 1656 1903 et
1677 1867 1785 1903 venir
1808 1866 1999 1912 graphice
2028 1866 2105 1909 uti,
2134 1868 2179 1901 ut
2206 1866 2344 1901 statim
2366 1864 2431 1901 vel

297 1938 347 1965 ex
376 1928 454 1963 hoc
482 1936 580 1969 uno,
609 1929 803 1972 tanquam
834 1937 883 1963 ex
912 1928 1088 1973 quodam
1120 1929 1391 1972 schibboleth‚
1420 1930 1672 1975 peregrinum
1700 1933 1943 1975 agnoscant,
1973 1929 2007 1964 si
2034 1928 2123 1975 quis
2151 1929 2227 1964 illis
2256 1931 2326 1963 aut
2348 1937 2430 1963 non

296 1992 445 2034 utatur,
480 1991 550 2026 aut
582 2000 805 2035 perperam.
848 1990 963 2027 Unde
994 1994 1176 2038 apparet,
1211 1993 1320 2040 quod
1353 1994 1432 2029 iam
1464 1994 1622 2039 saepius
1654 1993 1846 2036 indicavi,
1881 1996 2077 2040 quantum
2109 1992 2330 2037 profecisse
2365 1993 2430 2029 ille

296 2053 500 2099 putandus
524 2053 592 2095 sit,
617 2053 685 2098 qui
708 2063 757 2089 ex
779 2053 984 2098 palaestra
1006 2055 1264 2101 antiquorum
1287 2056 1508 2092 studiorum
1530 2057 1633 2092 bene
1655 2056 1876 2092 instructus
1899 2057 1940 2091 in
1962 2056 2066 2091 hanc
2090 2056 2218 2091 nostri
2234 2055 2430 2101 temporis

297 2125 462 2151 arenam
487 2114 750 2150 descenderit.

504 2176 738 2220 Κοινοῦ,
776 2170 887 2214 ἀπὸ
916 2199 968 2203 -
996 2182 1337 2219 constructa·
1378 2182 1419 2218 L.
1452 2182 1484 2226 Ι,
1518 2182 1604 2219 218.
1639 2181 1758 2217 sedes
1795 2184 1834 2217 et
1869 2181 2072 2226 inhospita
2106 2183 2216 2217 tecta
2250 2181 2430 2226 tyranni;

297 2250 332 2276 v.
362 2241 448 2278 305.
471 2250 547 2276 nec
576 2239 682 2275 vires
710 2238 886 2276 fulminis
915 2250 1012 2287 apro
1037 2241 1163 2278 Crura
1189 2255 1264 2280 nec
1295 2245 1428 2281 ablato
1456 2246 1622 2290 prosunt
1643 2264 1692 2269 —
1715 2254 1852 2288 cervo3
1883 2254 1917 2279 v,
1941 2244 2028 2281 401.
2057 2244 2210 2280 Ponere
2240 2243 2431 2280 duritiem

297 2313 467 2348 coepere
492 2312 692 2348 suumque
720 2303 915 2347 rigorem;
945 2314 980 2338 v.
1003 2305 1090 2342 418.
1115 2316 1370 2354 coenumque
1400 2307 1581 2352 udaeque
1607 2306 1776 2351 paludes
1808 2302 1901 2355 (etsi
1929 2316 2011 2341 non
2040 2306 2092 2341 sit
2113 2315 2300 2348 necesse,
2330 2307 2432 2342 udae

296 2364 421 2402 etiam
443 2363 495 2401 ad
518 2375 691 2402 coenum
714 2363 883 2410 referre,
906 2367 1121 2405 manifesto
1144 2373 1284 2407 tamen
1306 2372 1416 2408 notio
1439 2370 1616 2406 humoris
1639 2370 1680 2405 in
1702 2370 1781 2406 hoc
1807 2380 1969 2416 quoque
1991 2370 2188 2405 vocabulo
2212 2367 2345 2418 inest).

507 2594 541 2632 *)
566 2593 661 2633 Quod
682 2594 734 2625 hic
757 2594 835 2625 dicit
855 2595 981 2627 sulcum
1002 2597 1200 2637 patefacere,
1223 2606 1289 2629 non
1311 2597 1430 2630 ducere
1452 2598 1501 2629 vel
1522 2597 1586 2628 tale
1609 2597 1745 2637 aliquid,
1774 2598 1927 2630 cohaeret
1949 2597 1982 2629 id
2005 2607 2078 2630 cum
2102 2598 2167 2630 alio
2190 2608 2251 2631 usu
2274 2604 2431 2638 veterum,

297 2644 390 2677 cuius
418 2645 540 2687 passim
569 2646 766 2678 mentionem
792 2646 902 2687 inieci,
931 2656 972 2680 ex
1000 2658 1063 2690 quo
1093 2650 1126 2682 in
1154 2650 1212 2682 tali
1239 2659 1274 2682 re
1302 2649 1514 2683 describenda
1541 2658 1580 2681 ea
1601 2650 1701 2682 verba
1722 2650 1925 2691 praeferunt,
1955 2661 2053 2691 quae.
2083 2656 2120 2684 ut
2141 2652 2284 2684 breviter
2305 2652 2432 2693 loquar,

299 2706 365 2729 non
387 2697 492 2729 solum
514 2697 673 2736 indicant,
696 2698 774 2737 quid
795 2699 838 2730 sit
859 2700 910 2731 vel
931 2700 1004 2739 fiat,
1026 2701 1084 2733 sed
1106 2702 1204 2733 etiam
1227 2702 1323 2742 quale
1346 2703 1402 2742 sit,
1425 2703 1474 2734 vel
1496 2701 1654 2742 quomodo
1677 2702 1736 2734 fiat
1757 2712 1885 2743 quoque
1908 2703 2035 2734 effectu.

507 2750 556 2791 **)
582 2749 628 2782 Cf.
651 2750 808 2792 Vigerum
830 2761 899 2793 cap.
922 2752 977 2785 VI.
1000 2758 1076 2786 sect.
1098 2754 1139 2787 II.
1161 2763 1234 2787 cum
1258 2754 1352 2787 notis.

491 2803 556 2844 m)
580 2802 630 2834 De
653 2803 749 2835 simili
776 2804 939 2838 locutione
968 2807 1006 2838 N.
1030 2806 1066 2838 T.
1089 2807 1225 2845 ἀνοίξας
1247 2806 1284 2840 τὸ
1312 2806 1422 2851 στόμα
1444 2808 1622 2840 ἐδίδασκεν
1642 2807 1775 2844 (Matth.
1799 2808 1836 2846 V,
1852 2810 1887 2848 2)
1910 2807 1950 2839 cf.
1974 2808 2125 2840 Tholuck
2149 2810 2190 2841 ad
2214 2811 2243 2842 h.
2268 2812 2302 2844 l..
2328 2814 2384 2853 qui
2407 2814 2436 2846 si

299 2859 440 2894 quatuor
467 2854 671 2896 potissimum
699 2856 768 2888 eius
796 2866 874 2889 usus
903 2858 1186 2899 interpretationes
1209 2859 1318 2898 affert,
1348 2864 1495 2901 apparet,
1523 2869 1572 2891 me
1594 2869 1666 2891 eam
1689 2860 1780 2900 sequi
1802 2870 1843 2891 ex
1867 2870 1931 2900 qua
1954 2861 2034 2892 illud
2057 2867 2122 2893 est:
2154 2862 2307 2896 diducere
2331 2875 2369 2898 os
2392 2866 2435 2899 ad

297 2906 496 2948 loquendum
525 2909 609 2949 („es
642 2907 833 2941 bezeichnet
865 2910 949 2943 nach
982 2911 1042 2943 der
1073 2912 1288 2944 malerischen
1317 2912 1609 2945 Umstandlichkeit
1642 2912 1700 2944 der
1728 2912 1916 2944 Orientalen
1950 2913 2023 2949 das,
2057 2924 2123 2946 was
2157 2915 2231 2948 dem
2262 2919 2344 2950 Acte
2378 2919 2438 2952 des

301 2958 485 2999 Sprechens
509 2960 739 3001 vorangeht⁶⁴).
775 2961 936 3004 Compara
956 2963 1165 2997 Homericum
1186 2968 1258 2998 Καί
1275 2976 1337 3010 μιν
1359 2964 1517 3010 φωνήσας
1537 2965 1621 2999 ἔπεα
1644 2965 1828 3011 πτερόεντα
1852 2963 2025 3011 προςηὺδα
2048 2967 2083 3000 11.
2108 2967 2138 3001 Ι.
2159 2973 2229 3002 201.
2254 2974 2286 3004 et
2308 2972 2442 3014 passim,

299 3011 356 3044 ubi
378 3009 541 3055 φωνήσας
566 3014 713 3047 >imiliter
735 3016 963 3056 explicandum
985 3019 1120 3051 videtur.
