3778 3982
2792 433 2851 487 19

716 596 862 622 vocem
899 584 1080 629 auguris,
1117 584 1162 620 cs.
1198 581 1321 619 etiam
1355 582 1598 629 polysynd.);
1635 594 1670 616 v.
1695 582 1782 619 496.
1807 582 1961 616 resonis
1996 581 2167 617 iterabat
2196 581 2381 623 vocibus,
2412 592 2446 614 v.
2467 582 2554 618 672.
2587 588 2780 623 expresso
2803 599 2852 605 —

715 646 948 684 curvamine
973 647 1096 690 flecti,
1121 656 1156 680 v.
1181 646 1267 683 684.
1291 644 1459 680 redeunt
1482 665 1534 671 —
1557 653 1709 681 rursus.

920 710 986 752 IV,
1011 711 1070 748 64.
1097 709 1267 754 Quoque
1291 709 1421 754 magis
1445 710 1613 755 tegitur,
1643 712 1775 745 tectus
1799 707 1929 752 magis
1953 711 2112 743 aestuat
2135 708 2239 753 ignis
2266 708 2311 753 (c.
2338 705 2502 742 chiasm.
2526 706 2710 751 polypt.);
2736 717 2771 740 v.
2797 705 2856 742 85.

716 775 868 812 foribus
899 772 1093 811 excedere
1116 793 1188 816 ——,
1220 771 1399 819 Cumque
1430 772 1550 811 domo
1582 773 1751 811 exierint
1781 772 2021 818 (necessaria
2045 772 2082 807 h.
2106 772 2126 808 l.
2148 772 2376 809 coniunctio
2406 771 2618 817 temporis,
2650 771 2744 818 quia
2774 780 2856 807 non

716 841 779 874 est
807 838 846 872 in
876 846 952 871 usu
984 836 1253 881 participium,
1285 836 1391 881 quod
1422 845 1565 873 sensus
1596 835 1809 882 postulat);
1841 844 1874 869 v.
1897 831 1981 871 3¹16.
2005 835 2102 869 vidit
2129 836 2342 881 visumque
2366 834 2537 879 optavit;
2570 844 2604 868 v.
2628 834 2704 871 596
2729 836 2770 868 et
2793 833 2856 870 97.

715 903 760 938 In
785 902 896 937 sinus
921 921 968 926 —-
995 900 1094 941 ibat,
1118 920 1169 925 —
1192 899 1313 934 dabat
1336 901 1543 945 amplexus
1567 922 1616 927 —-
1642 900 1745 936 colla
1767 899 1928 943 petebat
1950 901 2025 944 (ter
2048 900 2188 945 idem);
2214 910 2248 933 v.
2274 901 2359 937 713.
2382 904 2425 933 ut
2450 900 2536 934 visa
2559 902 2637 934 est.
2661 898 2701 932 in
2724 898 2854 932 visam

718 965 865 1009 saew‘t3
889 974 924 1000 v.
950 963 1035 1001 734.
1059 962 1137 998 Ter
1160 966 1301 1009 quater
1325 963 1457 1010 exegit
1479 964 1649 1010 repetita
1672 973 1744 1009 per
1767 961 1842 997 ilia.

923 1027 971 1070 V,
996 1026 1072 1064 234
1103 1028 1142 1062 et
1170 1027 1228 1063 35.
1260 1036 1305 1062 os
1340 1027 1524 1062 timidum
1555 1048 1606 1053 —
1636 1026 1760 1062 facies
1796 1024 1964 1060 obnoxia
1996 1026 2156 1071 (quater
2185 1025 2372 1061 timorem
2404 1024 2677 1069 significavit):
2707 1036 2742 1059 v.
2767 1026 2854 1061 410.

718 1091 836 1137 Quod
861 1091 940 1126 coit
964 1089 1146 1134 angustis
1170 1089 1368 1125 inclusum
1392 1091 1591 1125 cornibus.

923 1153 996 1194 VI,
1027 1153 1112 1190 396.
1143 1152 1372 1195 immaduit,
1404 1152 1731 1198 madefactaque;
1762 1162 1797 1185 v.
1823 1151 1906 1188 480.
1936 1162 2005 1196 pro
2036 1151 2208 1186 stimulis
2243 1151 2476 1197 facibusque
2508 1152 2677 1198 ciboque
2711 1151 2856 1187 furoris

720 1218 796 1263 (ter
819 1215 988 1261 repetita
1013 1215 1154 1251 eadem
1179 1214 1315 1260 notio).

928 1278 1017 1320 VII,
1047 1279 1128 1315 184.
1159 1289 1229 1323 per
1259 1282 1369 1313 muta
1400 1279 1557 1314 silentia
1585 1277 1734 1319 noctis,
1763 1287 1798 1310 v.
1824 1277 1907 1312 290.
1930 1277 2049 1311 Pulsa
2079 1276 2180 1322 sugit
2209 1277 2382 1319 macies;
2414 1287 2447 1310 v.
2473 1278 2558 1314 355.
2587 1277 2685 1312 Cum
2719 1277 2855 1321 gravis

718 1341 852 1379 infuso
882 1341 998 1378 tellus
1030 1340 1132 1378 foret
1159 1342 1302 1378 obruta
1327 1341 1389 1388 (cf.
1412 1339 1664 1388 prolepsim);
1689 1349 1724 1374 v.
1749 1339 1835 1377 409.
1859 1340 2068 1377 tenebroso
2093 1349 2239 1376 caecus
2263 1339 2397 1384 hiatu;
2422 1350 2457 1376 v.
2481 1341 2566 1378 657.
2592 1339 2853 1387 Quaesitique

718 1409 840 1442 tenax
863 1408 902 1442 et
925 1405 992 1452 qui
1016 1406 1199 1452 quaesita
1222 1404 1440 1449 reservfiit.

925 1469 1034 1509 VIII,
1062 1471 1146 1506 160.
1170 1470 1315 1504 flexum
1341 1469 1460 1504 Ducit
1482 1469 1522 1502 in
1549 1476 1726 1502 errorem
1747 1486 1798 1492 —-
1821 1467 1988 1511 ambage
2011 1466 2177 1500 viarum.

926 1531 1091 1577 Copiam
1126 1542 1230 1567 nunc
1265 1542 1367 1567 voco
1402 1532 1565 1577 plenum
1602 1529 1808 1576 quoddam
1838 1529 1992 1565 dicendi
2022 1540 2168 1576 genus,
2200 1540 2279 1576 quo
2309 1533 2469 1565 veteres
2498 1540 2578 1565 non
2608 1539 2699 1566 raro
2729 1532 2854 1568 multo

721 1604 842 1641 quam
873 1605 947 1631 nos
977 1596 1139 1631 uberius
1165 1599 1204 1630 et
1227 1594 1354 1630 fusius
1379 1605 1443 1630 res
1468 1594 1717 1636 describunt,
1748 1604 1874 1639 eoque
1897 1594 2091 1629 vocabulo
2116 1597 2207 1629 utor
2226 1594 2352 1629 nostri
2376 1594 2629 1637 potissimum
2657 1596 2855 1631 sermonis

721 1658 876 1694 ratione
906 1658 1061 1701 habita,
1092 1659 1158 1705 qui
1187 1659 1253 1694 illa
1283 1658 1444 1693 brevius
1474 1658 1711 1703 plerumque
1742 1661 1782 1693 et
1812 1657 1945 1692 exilius
1975 1656 2153 1692 dicimus.
2210 1656 2340 1691 Retuli
2368 1656 2445 1692 huc
2475 1657 2586 1692 illum
2611 1667 2745 1693 usum.
2774 1669 2853 1704 quo

722 1721 889 1756 Ovidius
922 1721 1093 1756 eandem
1128 1723 1191 1756 vel
1222 1722 1395 1756 similem
1426 1722 1633 1756 notionem
1665 1721 1826 1764 saepius
1859 1730 1977 1765 quam
2007 1729 2079 1754 nos
2110 1719 2191 1754 sere
2221 1720 2413 1761 solemus,
2450 1720 2522 1755 sed
2553 1721 2664 1754 vario
2696 1730 2856 1764 semper

721 1783 844 1820 modo
874 1782 1072 1830 repetit;*)
1103 1784 1296 1830 imprimis
1328 1787 1463 1820 autem
1493 1784 1617 1827 illum,
1642 1794 1721 1831 quo
1745 1783 1914 1820 Romani
1936 1783 2075 1827 verbo,
2106 1782 2213 1829 quod
2237 1783 2317 1818 iam
2341 1794 2412 1828 per
2435 1793 2482 1819 se
2509 1793 2594 1819 rem
2619 1794 2699 1819 non
2724 1784 2858 1820 solum

721 1848 920 1888 nominat,
960 1847 1030 1881 sed
1067 1848 1190 1882 etiam
1228 1847 1417 1882 describit
1456 1848 1710 1892 (graphicum
1751 1847 1880 1891 possis
1921 1847 2082 1890 dicere),
2123 1847 2324 1880 constanti
2357 1856 2469 1881 more
2507 1848 2758 1891 participium
2793 1848 2857 1882 vel

720 1910 963 1946 adiectivum
983 1909 1136 1945 addunt
1154 1910 1294 1946 similis
1313 1911 1498 1954 notionis,
1519 1922 1566 1947 ex
1586 1922 1678 1958 quo,
1699 1912 1731 1947 si
1750 1910 2001 1946 vernaculam
2020 1910 2198 1955 linguam
2218 1920 2442 1954 comparas,
2461 1911 2639 1946 nascitur
2656 1911 2858 1956 quaedam

722 1973 908 2010 dictionis
930 1972 1186 2010 abundantia.
1203 1973 1273 2021 (Cf.
1288 1973 1392 2011 inter
1407 1974 1484 2010 alia
1498 1974 1563 2018 III,
1580 1974 1655 2021 41.)
1680 1974 1763 2011 Nos
1784 1973 2012 2021 plerumque
2027 1973 2066 2010 in
2082 1973 2149 2010 tali
2165 1984 2207 2010 re
2223 1983 2303 2010 11110
2319 1974 2443 2011 verbo
2460 1974 2571 2010 finito
2588 1973 2856 2020 defungimur,

722 2042 791 2074 aut
826 2039 860 2074 si
892 2039 1098 2083 participio
1134 2040 1197 2074 vel
1232 2039 1429 2075 adiectivo
1463 2041 1630 2082 utimur,
1667 2040 1835 2075 verbum
1869 2051 1963 2082 esse,
2006 2039 2111 2085 quod
2145 2039 2242 2074 nihil
2278 2040 2352 2073 nisi
2388 2039 2643 2074 existentiam
2681 2039 2857 2081 denotat,

723 2101 928 2143 addimus,
952 2104 1021 2134 aut
1044 2100 1280 2137 adverbium
1305 2102 1533 2146 amicimus,
1559 2112 1840 2150 quamcunque
1860 2105 1993 2138 autem
2012 2102 2209 2138 rationem
2225 2102 2368 2137 Latina
2384 2101 2579 2138 reddendi
2597 2101 2857 2148 ingredimur,

722 2175 813 2200 raro
839 2168 1025 2200 ornatum
1051 2168 1090 2199 et
1114 2167 1271 2210 copiam
1296 2167 1480 2202 dictionis
1504 2168 1669 2201 Latinae
1695 2168 1855 2212 assequi
1877 2176 2109 2211 possumus,
2134 2167 2189 2200 ita
2212 2171 2255 2200 ut
2278 2167 2379 2201 haec
2398 2167 2436 2200 in
2455 2167 2653 2209 primariis
2671 2167 2858 2203 laudibus

721 2230 906 2264 veterum
935 2227 1164 2273 linguarum
1193 2230 1382 2274 ponenda
1412 2230 1463 2266 sit
1492 2230 1614 2276 (idem
1645 2230 1752 2266 enim
1778 2230 1825 2266 de
1850 2230 2010 2266 Graecis
2033 2229 2249 2265 dicendum
2274 2230 2361 2273 est).
2417 2229 2487 2264 Est
2511 2234 2646 2265 autem
2670 2231 2733 2266 hic
2757 2241 2857 2267 usus

722 2300 803 2325 non
826 2291 960 2326 minus
985 2289 1174 2336 frequens
1198 2292 1304 2337 apud
1329 2293 1544 2339 scriptores
1567 2293 1773 2339 prosaicos
1799 2301 1915 2340 quam
1939 2291 2043 2337 apud
2065 2291 2265 2338 poetas.**)
2305 2291 2497 2327 Coniunxi
2521 2302 2613 2328 cum
2638 2292 2713 2329 hac
2736 2294 2858 2330 aliam

725 2353 882 2388 dicendi
921 2356 1273 2398 consuetudinem,
1313 2358 1411 2391 item
1451 2358 1490 2391 in
1528 2358 1709 2392 oratione
1744 2358 1916 2401 pedestri
1951 2358 2047 2391 satis
2082 2357 2291 2397 usitatam,
2332 2365 2410 2401 qua
2447 2366 2518 2400 pro
2552 2358 2858 2400 pronominibus

725 2415 1071 2460 demonstrativis,
1109 2418 1242 2465 qualia
1270 2421 1364 2454 sunt
1393 2417 1481 2463 ille,
1514 2421 1567 2465 is,
1596 2424 1690 2466 post
1716 2420 1880 2457 verbum
1909 2419 2062 2455 finitum
2093 2419 2343 2465 participium
2367 2419 2431 2455 vel
2454 2418 2635 2456 eiusdem
2660 2420 2772 2456 verbi
2796 2421 2860 2457 vel

724 2481 940 2525 synonymi
976 2480 1209 2527 ponitur.***)
1255 2482 1399 2517 Attulit
1427 2482 1475 2518 de
1510 2484 1587 2519 hoc
1626 2493 1701 2518 usu
1730 2483 1915 2519 nonnulla
1945 2483 2151 2528 Zumptius
2182 2482 2215 2528 ξ.
2243 2484 2327 2519 718.
2356 2482 2445 2518 Ηο0
2480 2483 2601 2519 1110ᾱο
2636 2489 2781 2528 poetae
2816 2488 2859 2520 ut

724 2543 869 2588 duplex
904 2544 1189 2589 compendium
1225 2544 1391 2588 faciunt,
1427 2546 1598 2582 alterum
1633 2547 1912 2592 pronominum
1945 2547 2119 2587 illorum,
2155 2556 2257 2591 quae
2293 2557 2416 2591 quum
2452 2547 2549 2582 nihil
2580 2548 2656 2582 nisi
2684 2548 2859 2592 logicam

724 2604 901 2652 aliquam
931 2605 1138 2644 notionem
1168 2607 1414 2651 contineant,
1446 2608 1577 2645 aliena
1606 2613 1699 2646 sunt
1729 2608 1811 2647 fere
1835 2619 1857 2645 a
1880 2608 2048 2646 dictione
2078 2608 2237 2654 poetica
2268 2607 2389 2655 (unde
2415 2608 2566 2645 dudum
2590 2613 2697 2647 recte
2721 2610 2859 2648 obser-

932 2772 964 2811 *J
990 2773 1052 2813 Qui
1075 2783 1153 2805 usus
1184 2783 1282 2813 quum
1313 2782 1352 2804 ex
1382 2773 1451 2814 ipso
1480 2773 1610 2814 linguae
1635 2775 1766 2813 ingenio
1789 2774 1967 2816 proveniat.
1999 2782 2063 2804 non
2086 2778 2134 2804 est
2158 2773 2244 2813 quod
2269 2774 2299 2805 in
2323 2774 2576 2815 interpretamlis
2600 2775 2812 2816 scriptoribus
2837 2778 2857 2808 ii

726 2822 780 2861 qui
811 2822 926 2854 edunt.
960 2824 1014 2855 ubi
1046 2825 1254 2857 inveniuntur
1281 2826 1460 2858 locutiones
1491 2827 1601 2866 quales
1631 2832 1721 2859 sunt:
1747 2837 1843 2868 saepe
1865 2826 2042 2861 clamitare,
2074 2832 2147 2856 ante
2172 2836 2382 2866 praeparare.
2407 2837 2519 2859 rursus
2542 2834 2708 2868 repetere.
2734 2828 2861 2862 similia.

724 2875 797 2907 illos
821 2885 840 2906 a
863 2876 1046 2917 suspicione
1070 2878 1250 2919 pleonasmi
1273 2878 1433 2911 interdum
1457 2889 1521 2911 11011
1544 2879 1612 2911 sine
1636 2879 1768 2920 negotio
1792 2878 1962 2912 defendere
1985 2878 2144 2911 studeant.

934 2932 984 2969 **)
1010 2931 1052 2961 L‘t
1080 2942 1119 2962 ex
1156 2933 1312 2972 scriptore
1343 2933 1497 2973 pedestri,
1533 2933 1587 2972 qui
1619 2933 1755 2963 multum
1786 2933 1819 2963 in
1849 2933 1929 2964 ludis
1958 2932 2109 2962 literariis
2139 2932 2265 2971 legitur.
2298 2941 2401 2972 pauca
2430 2939 2518 2963 certe
2547 2934 2697 2973 exempla
2726 2935 2862 2967 afferam

726 2981 765 3013 ef.
795 2981 884 3013 Caes.
915 2980 950 3012 B.
981 2982 1017 3013 G.
1050 2984 1079 3017 Ι.
1112 2990 1159 3016 28.
1191 2984 1397 3023 reducerent,
1431 2984 1581 3017 reductos
1610 2996 1671 3023 —3
1704 2984 1747 3018 ΙΙ.
1787 2991 1837 3018 19.
1872 2991 1897 3017 5.
1930 2990 2077 3025 porrecta
2110 2984 2181 3015 lot-a
2216 2985 2435 3025 pertinebant:
2470 2985 2547 3017 Vll.
2583 2991 2631 3017 59.
2668 2987 2863 3021 interclusus

726 3036 917 3068 distinebat:
949 3035 1105 3076 imprimis
1137 3038 1172 3068 B.
1204 3039 1236 3068 (J.
1266 3038 1294 3070 Ι.
1326 3044 1379 3071 cs).
1415 3045 1436 3069 1.
1466 3047 1546 3078 quos
1576 3038 1631 3068 ubi
1662 3057 1699 3060 —
1730 3038 1814 3070 visos
1844 3037 2022 3077 conspexit:
2057 3043 2087 3067 1.
2120 3042 2167 3067 2⁸.
2199 3037 2461 3078 deprehendunt.
2494 3038 2730 3079 deprehensas:
2763 3052 2788 3071 ι’.
2816 3045 2862 3071 ’ῖΰ4

727 3089 939 3129 producatur.
971 3088 1162 3129 productos:
1194 3101 1218 3122 e.
1244 3096 1292 3123 41.
1324 3092 1401 3124 i'aeit
1431 3096 1622 3133 potestatem
1656 3112 1693 3115 ——
1725 3097 1882 3132 potestate
1911 3091 2009 3123 sacta:
2041 3102 2065 3120 0.
2092 3096 2139 3121 131.
2171 3092 2314 3122 effu-oret
2347 3111 2385 3114 —
2417 3092 2549 3123 01100115.
2584 3093 2635 3124 Ex
2668 3094 2728 3125 hau*
2759 3095 2867 3133 figura

727 3142 910 3181 explicatur
932 3142 1028 3173 etiam
1052 3143 1189 3184 simplici
1212 3143 1336 3175 ratione
1360 3145 1449 3177 locus
1472 3145 1525 3176 ilie
1549 3144 1603 3184 qui
1627 3144 1745 3185 legitur
1769 3145 1855 3185 apud
1875 3146 2040 3175 caesarem
2066 3143 2099 3173 B.
2120 3145 2156 3174 (i.
2176 3143 2213 3175 Υ.
2232 3150 2276 3175 12.
2296 3144 2349 3175 ubi
2370 3154 2428 3185 pro
2447 3146 2526 3175 bello
2544 3147 2636 3176 illato
2655 3146 2864 3178 scribendum

725 3201 938 3225 censuerunt:
963 3197 1071 3226 sedato
1093 3196 1143 3226 vel
1165 3197 1236 3227 alia.

937 3249 1003 3288 ***)
1023 3247 1113 3279 lianc
1138 3259 1266 3289 quoque
1291 3260 1357 3281 10111
1382 3257 1543 3291 accurate,
1566 3256 1598 3283 ut
1622 3250 1712 3283 50101,
1734 3251 1882 3283 tractavit
1901 3248 2039 3281 Dilierus
2063 3249 2094 3280 in
2120 3257 2359 3290 programmate
2378 3251 2507 3292 saepius
2525 3250 2657 3284 laudato
2677 3263 2747 3293 pag.
2765 3259 2801 3284 23
2819 3264 2866 3294 sq.

2561 3308 2605 3345 13*
